3134 4809
412 334 710 406 HISTORllRUM
734 336 1026 408 commemor
1225 338 1274 413 73

171 500 363 596 πορεάσομαι
383 504 473 597 ἀνιῇ
491 507 673 599 ἀναστροφῇ
687 516 743 593 τῆς
757 512 887 597 καρδίας
899 538 960 594 μον
975 518 1032 597 τῆς
1046 517 1183 599 πονηράς
1190 560 1201 594 ,
1221 516 1275 579 καλ

170 610 236 695 iol
247 636 320 677 ποτε
334 611 531 696 μετανοήσω,
557 611 658 699 ὥσπερ
667 611 768 696 Ἀμώς
782 611 869 679 δ’τοῦ
885 618 1055 701 Μανασσῆ.
1105 616 1154 683 διδ
1170 620 1222 683 καὶ
1236 617 1272 684 τδ

168 712 265 799 τάχος
282 713 508 802 ἔξωλάθρεοσεν
524 714 617 787 αὐτὸν
634 712 651 781 ὃ
667 713 752 793 θεάς.

267 816 336 883 Ὅτι
358 819 544 905 γεωμετρίαν
566 819 622 902 μὲν
641 816 808 905 Αλγάπτιοι
826 824 942 907 πρῶτοι
959 819 1097 904 ίξεῦρον,
1121 818 1271 906 ἀστρολο·

141 921 238 1006 ὅγίαν
253 920 287 985 δὲ
299 923 351 986 καί
364 923 609 1007 γενεθλιαλογίαν
622 925 796 1002 Χαλδαῖοι,
817 922 947 1010 Ἄραβες
960 924 1012 987 καί
1030 918 1150 1009 Φράγες
1165 927 1272 989 οἰωνο-

168 1026 315 1103 σκοπίαν,
336 1030 424 1101 θεοῖς
439 1024 475 1089 δὲ
490 1022 578 1091 θάειν
593 1029 750 1092 Χαλδαῖοι
770 1026 828 1092 εἴτ’
849 1018 903 1091 οάν
920 1023 1056 1113 Κάπριοι
1083 1025 1273 1112 (διφοροῆν-

167 1152 221 1193 ται
233 1126 310 1213 γάρ,
321 1125 425 1205 aanor
434 1128 589 1211 Περσικὸν
602 1126 707 1212 ὅντες)
714 1178 725 1209 ,
747 1128 952 1215 ἀστρονομίαν
964 1132 998 1195 δὲ
1010 1126 1205 1210 Βαβυλώνιοι
1220 1128 1273 1195 διδ

166 1227 399 1317 Ζωροάστρου,
424 1232 456 1309 ίξ
476 1222 519 1297 ὧν
541 1233 714 1319 παρέλαβον
727 1229 911 1318 Αίγάτιτωι,
936 1232 1066 1317 μαγείαν
1081 1232 1116 1296 δὲ
1129 1234 1180 1295 καὶ
1197 1256 1272 1317 γοη-

166 1336 250 1399 τείαν
272 1335 323 1398 καὶ
350 1335 543 1429 φαρμακείαν
565 1337 676 1419 Μῆδοι
699 1338 750 1400 καί
771 1336 904 1422 Πίρσαι.
954 1335 1018 1401 ἔστι
1036 1336 1070 1400 δὲ
1084 1336 1195 1419 μαγεία
1212 1336 1309 1416 girl}

125 1448 161 1502 10
168 1438 322 1521 ἐπίκλησις
339 1434 490 1520 δαιμόνων
505 1438 705 1523 ἀγαθοποιῶν
721 1441 820 1522 δῆθεν
832 1438 911 1527 νιρδς
924 1438 1048 1523 ἀγαθοῦ
1060 1438 1143 1515 τινὸς
1154 1435 1270 1505 orioro-
1296 1456 1303 1467 ’

165 1564 233 1619 σιν,
252 1538 354 1629 ὥσπερ
368 1540 477 1607 mironi
492 1542 862 1620 ΤοανίωςἎσολλωνίον·
882 1544 1004 1627 γοητεία
1016 1542 1051 1606 δὲ
1062 1545 1197 1606 καλεῖται
1209 1540 1269 1606 ἀνιδ

105 1680 107 1683 ·
165 1650 229 1710 τῶν
243 1642 326 1729 γάων
340 1646 391 1708 καλ
407 1642 532 1729 θρήνων
549 1650 610 1711 τῶν
628 1648 696 1731 περὶ
711 1644 782 1723 τούς
796 1644 915 1733 τάφους
929 1653 995 1722 τοῖς
1007 1644 1047 1709 sci
1060 1650 1189 1710 romairo
1202 1646 1269 1709 im-

165 1744 328 1831 τηδεύουσι
350 1746 526 1832 γινομίνων·
549 1750 725 1836 φαρμακεία
750 1750 802 1827 δέ,
827 1748 902 1815 ὅταν
922 1750 1109 1815 σοσιιενασία
1126 1752 1268 1832 θανατη-

167 1842 301 1938 φάροςῇ
316 1850 395 1937 πρὸς
410 1852 536 1939 φίλτρον
553 1847 683 1917 δοθεῖσά
699 1877 756 1918 τινι
774 1851 827 1917 διὰ
845 1858 902 1918 τοῦ
915 1850 1076 1935 στόματος.

126 1968 159 2025 15
266 1953 384 2021 Ἰστίον
407 1952 453 2019 ὅτι
474 1954 508 2019 τὸ
527 1954 645 2042 Φαραὼ
662 1954 762 2021 κοινὸν
777 1953 875 2038 ὄνομα
890 1952 1011 2019 πάντων
1026 1961 1087 2019 τοῖν
1102 1948 1266 2038 Αίγάνιτοα

164 2056 318 2139 βασιλίων
334 2058 414 2123 ίστίν
420 2104 431 2136 ,
453 2056 514 2123 ἀπὸ
526 2065 581 2123 τοῦ
595 2056 716 2144 πρώτον
735 2056 854 2145 Φαραά
860 2106 872 2138 ,
898 2055 999 2144 ὥσπερ
1011 2059 1063 2121 καλ
1075 2059 1266 2138 Πτολεμαῖοι

163 2158 312 2245 ὕστερον,
338 2162 389 2224 nol
414 2160 591 2247 Αίίγοοστοι
615 2162 645 2227 oi
668 2167 805 2244 βασιλεῖς
818 2158 977 2246 Ῥωμαίων
993 2160 1054 2225 ἀνιδ
1069 2166 1125 2225 τοῦ
1138 2155 1267 2244 Αάγοά-

163 2287 240 2329 στοσ
255 2264 428 2329 ίκαλοῦντο.
478 2266 546 2353 iilos
563 2264 596 2329 δὲ
610 2261 736 2347 ἀνάματι
753 2266 878 2343 λ’καστος
892 2266 1002 2352 ἐχρῆτο
1009 2311 1020 2343 ,
1050 2260 1152 2351 ὥσπερ
1174 2265 1224 2329 καί
1247 2257 1264 2327 ὅ

164 2364 405 2452 σκληροκάρδιος
424 2356 512 2444 οὗτος
526 2368 645 2453 Φαραὼ
658 2364 882 2447 Πετισσῶνιος,
908 2364 951 2445 ὦς
969 2367 1142 2453 ίστοροῦσιν
1158 2365 1187 2430 oi
1202 2390 1264 2429 na-
1280 2378 1306 2435 0

123 2472 263 2547 ffllarol,
296 2472 363 2557 ίδίῳ
390 2468 550 2553 ὠνόμαστο
573 2468 699 2555 ὀνόματι
705 2518 716 2550 ,
747 2469 782 2547 ὃς
800 2466 861 2536 ἀπὸ
882 2478 943 2537 τῶν
961 2466 1123 2553 θεηλάτων
1143 2473 1267 2552 πληγῶν

165 2569 453 2660 περιστατοάμενος,
479 2576 522 2653 είς
543 2572 578 2639 si
598 2572 780 2663 περιβόητον
797 2576 830 2641 ἔν
842 2574 974 2662 Μέμφει
987 2580 1130 2655 μαντεῖον
1143 2567 1266 2656 γενόμε-

164 2701 219 2755 νος
248 2678 299 2743 καὶ
328 2674 502 2759 θυσιάσας,
536 2673 667 2745 ίαάθετο
697 2677 783 2766 παρὰ
811 2683 867 2761 τῆς
887 2677 1018 2754 Πυθίας
1041 2672 1121 2741 οὕτω
1141 2669 1269 2762 φάσκων

233 2868 351 2943 aanor
366 2888 457 2945 margo
473 2872 496 2927 P
600 2868 634 2930 14
649 2866 669 2945 ἢ
687 2890 778 2947 margo
794 2872 818 2928 P

163 3042 253 3131 viram
269 3046 410 3133 secandum
428 3043 514 3131 animi·
524 3044 576 3101 mai
592 3046 669 3119 pravi
685 3046 800 3117 meaa,
819 3043 943 3131 etmnlto
956 3049 1019 3117 post
1030 3047 1147 3116 tempora
1159 3042 1265 3129 tanim

163 3114 528 3254 migneniffiqffldtggnt
550 3118 634 3171 Aaron
656 3118 798 3175 Meamne
818 3118 904 3187 fihns,
929 3132 1007 3187 qnam
1026 3124 1168 3185 propterea
1185 3124 1265 3169 etiam

234 3286 414 3341 Geometriam
430 3288 508 3358 primi
524 3288 651 3361 Aegyptii
667 3290 840 3358 invenerant,
857 3284 1027 3353 astrologiam
1044 3294 1072 3337 et
1087 3284 1265 3338 natalitiorum

164 3352 319 3409 indiciorum
337 3366 420 3409 artem
435 3358 575 3427 Chaldaei,
592 3360 768 3429 auspiciorum
782 3357 885 3411 Arabes
902 3364 929 3407 et
944 3354 1076 3420 Phryges.
1110 3352 1162 3406 diis
1179 3352 1263 3407 sacri-

164 3424 247 3477 ficare
271 3424 400 3479 Chaldaei
422 3426 608 3497 instituerunt,
634 3430 692 3481 aive
710 3426 822 3497 Cyprii,
846 3439 912 3493 gens
929 3420 1054 3490 Persica,
1080 3422 1264 3475 astronomiam

163 3492 306 3577 Babylonii
316 3504 425 3549 auctore
436 3496 593 3565 Zoroastrot
611 3498 645 3551 ab
663 3496 703 3549 hia
718 3493 846 3564 Aegyptii
861 3498 1029 3561 aeceperunt.
1063 3490 1173 3559 magiam
1186 3508 1264 3561 prae-

164 3562 258 3631 sn'gras
275 3571 304 3617 et
318 3564 567 3621 veneficium-Medi
587 3574 616 3620 et
634 3564 743 3619 Persae.
779 3570 822 3616 ast
838 3569 924 3615 autem
941 3558 1027 3629 maffia
1043 3559 1177 3614 invocatio
1200 3560 1263 3613 ‹lae-

163 3648 267 3686 monum
288 3634 483 3705 henefioorum,
509 3636 574 3691 boni
595 3634 706 3688 alieuius
729 3631 888 3686 conciliandi
904 3630 1006 3699 gratim
1032 3630 1155 3701 qnalisA
1176 3629 1265 3684 ollonii

164 3700 271 3769 Tyanei
288 3702 380 3770 goetia
401 3704 498 3773 (qnam
513 3703 673 3777 praestigias
691 3702 787 3757 Latine
801 3701 875 3770 dixi)
899 3701 933 3755 ab
951 3698 1090 3755 eiulatibus
1108 3706 1137 3752 et
1152 3647 1265 3754 ἀνωιλνασ

163 3786 257 3824 nomen
280 3770 398 3840 habens,
425 3790 491 3841 qnos
514 3777 547 3829 ad
567 3772 708 3846 sepulchra
724 3780 851 3827 exorceat
866 3771 912 3842 qni
929 3770 981 3823 iata
997 3774 1121 3823 tractant.
1162 3770 1265 3822 renali-

163 3839 232 3892 oinm
253 3847 308 3910 est,
335 3858 394 3895 cnm
419 3859 469 3915 per
492 3858 522 3897 os
545 3842 626 3899 alieni
646 3842 777 3914 ingeritur
797 3848 944 3912 temperata
967 3838 1052 3893 letalis
1076 3844 1123 3891 aot
1138 3839 1266 3894 amatoria

161 3908 247 3979 potio.
1132 3910 1139 3921 '

232 4010 377 4067 Pharaonis
400 4030 496 4067 nomen
521 4014 632 4070 omnium
656 4013 775 4087 Aegypti
796 4029 888 4083 regum
910 4025 1045 4067 eommnne
1067 4014 1123 4077 est,
1149 4010 1267 4082 aprima

161 4077 316 4150 Pharaone,
340 4082 410 4138 siem
430 4083 510 4137 etiam
533 4084 676 4139 Ptolemaei
693 4104 725 4138 ao
740 4083 854 4154 Angnsti
871 4082 1046 4136 Romanorum
1066 4095 1143 4147 reges
1160 4081 1193 4134 ab
1210 4081 1268 4134 An·

162 4158 240 4219 gasto
265 4151 427 4207 denominati
450 4160 521 4207 sunt.
567 4151 660 4207 habuit
682 4160 768 4208 antem
792 4153 872 4207 etiam
893 4148 1028 4221 propriam
1051 4164 1145 4202 nomen
1167 4149 1266 4218 quivis.

163 4226 245 4289 atqne
262 4219 325 4274 hoio
342 4221 476 4277 obstinato
501 4222 636 4275 Pharaoni
659 4240 753 4277 nomen
775 4222 859 4277 luisse
876 4217 1027 4274 Patiasonio
1050 4216 1152 4288 antiqui
1175 4218 1267 4287 parhi-

163 4290 238 4342 bent.
274 4289 321 4361 qni
339 4306 397 4343 cnm
413 4290 541 4345 divinitus
558 4290 680 4346 immissis
705 4290 897 4345 calamitatibus
912 4295 985 4344 esset
1000 4287 1209 4354 circumventas,
1233 4288 1268 4339 ad

163 4357 253 4413 nobile
280 4358 413 4415 oraculum
436 4360 507 4432 qnod
529 4360 647 4433 Memphi
670 4370 728 4417 erat
744 4378 775 4419 ee
791 4356 918 4426 eontulit3
945 4357 1082 4430 sanisque
1102 4362 1228 4428 operatos
1251 4372 1268 4411 a
