3134 4809
293 370 352 417 xm
692 334 989 413 XYLlellll

292 516 460 604 praelixerat
479 536 534 604 qua
557 520 747 605 argumentum
767 512 828 579 eine
840 514 870 579 in
882 514 956 579 lraec
968 514 1055 579 verba
1076 514 1236 601 exprimitur
1265 516 1385 581 “madal

291 618 366 683 idem
389 630 579 705 argumentum
601 617 674 703 quod
688 616 830 693 Zonaras,
851 617 903 680 eed
927 616 1010 682 multu
1030 616 1117 681 halect
1135 618 1278 683 aZonnrn
1292 620 1329 683 de
1344 618 1384 682 in·

290 720 392 785 toenia
415 719 627 807 praetermissa,
648 716 808 795 brevitatis,
835 728 864 782 ut
887 717 1002 803 opinor,
1026 718 1130 794 studio,
1151 719 1203 784 oed
1226 734 1305 783 certe
1327 741 1383 784 uon

288 822 538 909 praetermitmnda.
581 818 679 905 quodsi
705 820 774 883 mihi
788 818 866 904 optio
884 818 950 883 duta
964 820 1060 885 inieeet
1074 820 1110 883 ulo
1123 819 1214 897 initio,
1231 821 1312 885 leone
1326 820 1382 883 Ze

287 944 373 988 nanae
387 922 585 1009 praetulissem.
628 942 699 983 nunc
718 942 778 984 cum
793 918 918 983 zenon
938 921 1030 987 denno
1050 922 1173 986 edendus
1186 920 1251 997 erit,
1274 920 1381 985 conoul·

201 1022 207 1033 ’
286 1037 342 1089 tum
358 1024 420 1089 lore
434 1024 572 1089 videbitur
591 1034 621 1086 ut
634 1022 689 1086 lnoe
701 1032 786 1085 lotum
799 1042 869 1105 opnor
884 1020 1054 1109 pellegntur,
1082 1036 1111 1089 et
1130 1021 1258 1110 quidquid
1276 1044 1379 1087 meme

285 1126 375 1191 rabile
395 1126 481 1191 visum
503 1123 599 1200 luerit,
625 1122 754 1188 Zonarae
774 1122 832 1187 anie
852 1122 922 1186 lociu
936 1133 1013 1187 certa
1031 1138 1097 1188 nota
1111 1123 1236 1211 apponite
1257 1124 1380 1187 inseren-

285 1222 381 1291 dnm.”
421 1225 494 1289 haec
506 1222 641 1300 Wolllue3
668 1224 714 1311 qni
728 1223 913 1302 hauddubie,
934 1246 996 1288 cum
1016 1223 1072 1288 hoc
1092 1226 1179 1291 derret
1198 1225 1236 1288 de
1248 1224 1378 1289 Gedreno

287 1327 430 1404 indicium,
456 1327 493 1392 nd
508 1346 543 1390 ea
555 1326 681 1413 respexit
693 1326 849 1412 praecipue
855 1346 928 1412 quae
941 1326 1051 1390 aliunde
1069 1347 1150 1411 quam
1162 1346 1201 1389 ex
1215 1348 1252 1390 eo
1266 1340 1312 1391 aut
1323 1326 1378 1389 Zo

284 1448 354 1492 nura
367 1428 457 1514 repeti
478 1430 622 1493 commode
644 1449 700 1492 non
718 1440 839 1512 possunt
881 1448 945 1491 nam
965 1428 1020 1492 dno
1041 1428 1150 1515 priores
1171 1425 1380 1493 Zonaraetomi

285 1530 373 1618 longe
388 1529 491 1616 alioqui
505 1540 566 1593 mut
578 1528 710 1593 meliores
723 1550 758 1591 ae
770 1528 856 1592 laude
868 1528 1011 1616 digniores
1025 1552 1106 1617 quam
1120 1550 1155 1594 ea
1173 1548 1245 1614 quae
1258 1531 1294 1592 ad
1307 1530 1379 1594 Con·

286 1632 428 1696 ntantinum
443 1652 529 1715 neque
538 1631 670 1715 lllngnum
685 1643 779 1695 nomer
791 1630 917 1717 collegit.
959 1644 1092 1697 ettamen
1106 1629 1225 1697 inhiece
1240 1631 1307 1718 ipsiu
1320 1643 1381 1697 eunt

285 1731 416 1795 nonnulla
440 1751 512 1815 quae
536 1730 648 1817 cognitu
672 1732 758 1818 digna
777 1744 860 1818 atque
878 1732 954 1797 utilia
974 1744 1069 1795 tamen
1088 1751 1177 1818 neque
1197 1732 1270 1817 apud
1288 1732 1379 1797 Zona·

284 1855 343 1896 ram
367 1843 510 1896 occurrant
533 1851 625 1918 neque
645 1832 714 1897 alibi
734 1833 787 1897 sint
805 1835 878 1898 adeo
897 1832 990 1899 ebrie.
1033 1832 1174 1899 enimuero
1199 1834 1227 1898 id
1241 1834 1380 1898 affirmare

284 1933 387 2010 aerim,
422 1954 459 1999 ex
472 1933 527 1997 hoe
540 1946 635 1999 nonno
651 1934 786 2021 scriptore
800 1935 836 1998 ab
849 1935 961 1999 homine
977 1934 1110 1999 industrio
1129 1934 1213 2001 multa
1232 1955 1315 2021 porse
1329 1935 1377 1998 de·

284 2034 353 2099 numi
373 2034 470 2121 quibus
483 2034 611 2099 Zonarae
625 2035 753 2122 Procopii
767 2036 884 2101 Diaconi
910 2038 1079 2123 aliorumque
1094 2036 1123 2101 id
1150 2058 1239 2125 qenue
1262 2037 1376 2122 scripto·

283 2158 358 2213 rum,
384 2134 567 2201 recentiorum
580 2158 702 2222 quoqne,
728 2151 757 2203 ut
771 2139 930 2227 Conpiniani
941 2139 1054 2227 Egnatii
1068 2138 1206 2214 Panuinii,
1232 2138 1377 2224 imperato·

281 2258 329 2302 ree
343 2248 371 2301 et
385 2235 517 2302 historiae
531 2237 629 2323 partim
644 2237 747 2327 corrigi
761 2242 859 2327 partim
875 2242 1003 2308 illnemari
1018 2262 1053 2305 ac
1065 2240 1147 2326 poliri
1162 2240 1275 2326 possint.
1306 2261 1379 2325 quae

281 2338 384 2405 utiliter
397 2336 443 2402 vel
458 2338 518 2402 nola
531 2338 591 2404 eine
611 2339 759 2405 editionem
780 2344 906 2431 apprime
927 2344 1001 2433 apud
1013 2364 1118 2431 aequoe
1138 2342 1258 2407 lectoren
1271 2344 1376 2429 gratio-

279 2464 339 2505 eam
354 2440 449 2506 lacere
464 2440 557 2507 debet.
600 2462 690 2527 neque
704 2466 775 2509 nono
788 2468 940 2533 proponam
955 2446 1098 2531 exempla:
1124 2444 1232 2508 unctui
1246 2445 1319 2508 enim
1334 2442 1377 2509 rei

279 2556 388 2632 gnatum
410 2541 529 2629 aliquem
549 2544 739 2610 annotationes
757 2560 869 2611 noemae
891 2547 1079 2633 praebebunt,
1100 2558 1192 2636 tqmeu
1210 2545 1284 2609 malo
1304 2545 1378 2610 lraec

278 2646 375 2711 nolenti
400 2643 497 2709 lectori
524 2644 700 2711 obseruanda
728 2647 889 2733 relinquere
912 2670 994 2735 qnam
1018 2649 1053 2714 iio
1071 2646 1316 2713 commemorandie
1330 2670 1377 2712 me

279 2748 393 2813 iactare.
437 2747 552 2811 addatur
566 2758 594 2815 et
608 2746 679 2813 hoc:
703 2770 763 2812 cum
774 2768 870 2814 eorum
884 2772 956 2837 qnae
970 2762 1031 2814 nunt
1043 2749 1118 2814 circa
1131 2749 1290 2837 liquentium
1306 2748 1376 2813 etin

279 2852 340 2937 ipsu
347 2848 417 2914 urbe
431 2848 564 2922 locorum,
579 2860 635 2911 tum
649 2849 763 2913 aliarum
776 2851 918 2917 multarum
932 2851 1180 2918 mbimnllnminum
1193 2850 1376 2935 montiumque

277 2950 402 3016 notitiam
416 2946 557 3035 permulti·
578 2947 658 3013 hune
670 2950 811 3037 scriptoris
824 2952 894 3019 doeio
906 2976 992 3041 poem
1012 2952 1146 3039 explicari
1164 2964 1246 3037 atque
1258 2950 1375 3015 illustra·
1413 2948 1424 2959 '

279 3053 320 3129 ri;
344 3064 372 3117 ut
391 3071 494 3139 magno
508 3070 600 3114 rerum
622 3054 875 3141 geographicernm
900 3056 1070 3121 mmemento
1093 3066 1123 3120 et
1143 3051 1309 3140 antiquitati·
1327 3074 1372 3119 ne·

161 3143 164 3153 ’
278 3154 414 3221 colendae
428 3151 584 3220 adiumento
606 3153 783 3241 diligentibus
796 3154 833 3221 eit
850 3156 962 3223 turno

362 3256 466 3323 Verum
487 3254 524 3319 de
542 3254 672 3321 Gedrene
692 3256 775 3335 eatin,
798 3270 845 3323 am
865 3259 986 3325 lomene
998 3257 1125 3325 mmimn:
1152 3257 1276 3345 legetur,
1298 3256 1373 3344 ium

278 3380 311 3423 oe
326 3357 471 3445 probabit,
497 3368 527 3423 ct
541 3360 667 3425 ostendet
679 3358 813 3427 vendibili
825 3360 892 3427 uino
903 3384 959 3428 non
971 3383 1040 3449 epm
1053 3380 1119 3426 enee
1131 3346 1267 3425 oeten
1289 3362 1375 3424 uenio

278 3480 350 3523 nune
374 3460 412 3523 ad
435 3478 527 3522 meam
540 3480 670 3545 meram,
692 3484 747 3529 nou
766 3462 897 3549 profecto
915 3479 944 3532 nt
964 3486 1027 3529 eam
1046 3460 1094 3528 vel
1115 3462 1214 3527 iactern
1228 3462 1276 3527 uel
1289 3460 1373 3525 ein

277 3558 416 3649 dnurouql
433 3570 595 3635 extenuem,
616 3582 731 3647 qnormn
744 3578 869 3633 neutrum
888 3588 946 3655 ego
960 3566 1076 3655 ingenui
1094 3562 1213 3629 hominio
1235 3559 1371 3635 arbitron

274 3682 367 3747 neque
388 3660 472 3723 etiam
492 3669 520 3724 nt
543 3660 590 3745 qui
609 3664 710 3727 verule
729 3676 758 3729 et
781 3668 898 3734 aliorum
918 3668 1051 3735 bonorum
1072 3671 1197 3750 (eeteros
1213 3662 1286 3727 en'un
1302 3658 1372 3725 ndril

275 3762 384 3842 ¹¹¹0l⁰fl
401 3759 508 3825 llllsslh
527 3758 665 3839 ΜΝ,
687 3762 807 3851 ideoque
825 3790 935 3834 cuneum
956 3769 1026 3833 mihi
1040 3768 1183 3833 dicendam
1200 3762 1371 3850 putaverim:

273 3864 325 3931 oud
339 3860 428 3949 qnod,
453 3882 515 3927 cum
529 3862 590 3951 ipae
604 3863 632 3927 in
647 3864 702 3930 loeo
714 3885 805 3953 opere
817 3868 903 3934 mon·
917 3868 1019 3934 alieubi
1034 3870 1095 3947 eim,
1119 3868 1204 3931 nolim
1215 3866 1288 3930 nlioo
1302 3888 1370 3952 qno·

272 3987 329 4051 quc
352 3984 459 4030 errare.
502 3962 732 4051 primoomnium
754 3992 792 4037 ne
811 3982 925 4036 conetur
936 3971 1046 4059 quidem
1059 3992 1118 4035 enm
1129 3968 1159 4032 id
1173 3966 1320 4053 consequi,
1341 3978 1373 4033 nt

272 4064 541 4137 maenomenon
565 4090 599 4135 uc
618 4070 768 4159 Gregorae
791 4072 945 4153 facundiam
967 4072 1093 4137 biduum
1114 4089 1214 4156 parem
1237 4068 1370 4133 Gedreno

272 4168 459 4236 conciliarem.
500 4188 566 4235 num
578 4173 668 4259 probe
680 4172 751 4240 mihi
764 4195 846 4243 meae
859 4174 984 4242 eomcine
995 4172 1142 4249 tenuitudo,
1161 4169 1366 4235 nennmeetiun

271 4284 403 4343 monente
424 4270 563 4341 emman
577 4277 754 4366 okpleretum·
765 4300 813 4349 me
831 4277 924 4348 moliri
942 4278 999 4346 hoe
1010 4295 1069 4343 non
1084 4274 1192 4343 delere
1212 4272 1290 4361 qued
1307 4272 1366 4339 ele·
