3134 4809
296 260 346 331 70
656 254 839 325 GEORGII
857 254 1042 325 cuuuunl

295 423 367 495 στδν
374 476 385 509 ,
411 424 524 493 αίνεσιν
544 429 594 492 καλ
614 422 820 513 προσκύνησιν
833 427 884 492 καὶ
899 426 984 511 νίκην
995 424 1075 494 κατὰ
1088 429 1150 493 τῶν
1164 424 1288 513 ἐχθρῶν
1299 422 1397 491 nitori

295 530 417 599 πάντων
437 530 670 615 εὐαγγελίζεται·
697 528 732 595 ὃν
756 532 809 595 καλ
833 527 875 607 ῶς
897 527 1030 613 σκύμνον
1048 529 1167 606 λέοντος
1184 528 1237 595 διὰ
1250 528 1286 595 τὸ
1303 528 1395 615 φύσει

293 632 453 719 βασιλικὸν
467 642 522 699 τοῦ
536 632 718 719 μονὸγενοῦς
724 682 735 713 ,
761 630 803 711 ῶς
815 633 848 698 ἐκ
859 639 997 716 βλαστοῦ
1013 633 1047 698 δὲ
1060 631 1154 699 atton
1177 634 1327 716 ἀναβῆναι
1342 632 1395 697 διὰ

293 738 349 823 τῆν
363 740 397 803 ἐκ
413 738 571 824 παρθένου
584 739 720 823 γέννησιν
734 734 755 819 ii
771 734 925 825 σάρκωσιν
931 785 942 816 ,
968 739 1019 805 καλ
1036 734 1128 801 αύτδν
1144 736 1178 801 δέ
1193 743 1303 802 τούτου
1316 736 1395 800 ἀνα-

294 837 425 908 πεσύντα
447 846 634 925 κοιμηθῆναι
657 842 707 905 καλ
732 840 894 926 ἐγερθῆναι
913 842 967 907 διὰ
982 841 1017 907 τδ
1034 837 1169 923 πάθημα
1183 845 1239 905 τού
1252 836 1420 904 θανάτουά

254 956 279 1013 0
297 946 347 1009 καλ
366 944 422 1029 τῆν
442 940 624 1022 ἀνάστασιν,
649 940 804 1029 ἀριδῆλως
822 940 839 1008 ὅ
860 949 944 1021 θεῖος
962 945 1026 1009 ἐκεῖ
1039 950 1159 1031 πρῶτος
1173 940 1396 1029 προηγόρευσεν

290 1044 425 1137 Ἰσραήλ.
476 1046 521 1131 μῆ
546 1046 694 1133 ἐκλείψειν
718 1046 751 1111 δὲ
773 1044 908 1133 άρχοντα
925 1049 958 1123 ἐξ
971 1044 1075 1113 Ἰούδα
1092 1044 1113 1132 ῆ
1130 1042 1312 1131 ῆγούμενον,
1338 1045 1397 1123 ἕως

293 1149 347 1233 ἀν,
367 1152 475 1239 φησίν,
494 1148 574 1237 ἔλθη
589 1148 607 1215 ii
621 1144 777 1216 ἀπόκειται
782 1196 793 1228 ,
818 1148 972 1215 τουτέστιν
986 1147 1003 1215 ὃ
1017 1147 1172 1235 Χριστός,
1197 1151 1231 1226 ὅς
1246 1151 1326 1214 ἔστιν
1342 1147 1396 1215 άν-

293 1278 355 1331 τως
364 1254 532 1340 προσδοκία
543 1258 605 1318 τῶν
619 1254 733 1319 ἐθνῶν·
756 1251 792 1331 ὃς
805 1252 839 1317 ul
854 1254 902 1317 inl
915 1259 954 1338 τῇ
965 1254 1106 1341 βασιλείᾳ
1122 1256 1174 1318 καὶ
1186 1249 1330 1342 ῆγεμονίρ
1343 1254 1398 1315 καὶ

293 1358 405 1445 ἀρχικῆ
418 1357 540 1447 ίξουσίρ
553 1354 637 1444 πάσῃ
650 1358 807 1444 γαυρίαμα
820 1352 1006 1441 ἀφελόμενος
1017 1361 1079 1421 τῶν
1087 1356 1260 1434 Ἰουδαίων,
1285 1356 1338 1421 καλ
1351 1356 1439 1434 stetu

294 1457 404 1527 ἑαυτὸν
419 1467 480 1527 πᾶν
493 1459 529 1525 τδ
543 1457 655 1545 κράτος
667 1466 729 1526 τῶν
746 1457 827 1525 ὅλων
840 1456 882 1538 ῶς
898 1456 1115 1545 παντοκράτωρ
1137 1454 1395 1543 ἀναρτησάμενος,

293 1558 341 1641 οἷς
355 1560 499 1646 βούλεται
514 1570 604 1629 τοῦτο
621 1565 671 1629 καλ
685 1563 851 1650 χαρίζεται.
903 1552 992 1639 οὗτος
1011 1560 1088 1648 πρδς
1109 1559 1164 1645 τὴν
1186 1560 1322 1645 ἄμπελον
1338 1561 1397 1626 αύ-

292 1672 364 1745 τού,
390 1664 410 1751 ῆ
432 1666 512 1731 ἔστιν
527 1667 560 1731 ἐκ
576 1672 742 1751 περιτομῆς
755 1671 817 1731 τῶν
833 1661 925 1751 ἇγίων
944 1668 1125 1749 ἐνοιλησιῶν,
1149 1665 1204 1729 τδν
1222 1670 1325 1731 πῶλον
1341 1670 1398 1749 τῆς

293 1766 364 1835 ὄνου
371 1814 382 1846 ,
408 1766 465 1845 τὰς
483 1770 515 1845 ἐξ
537 1768 640 1833 ἐθνῶν.
651 1770 812 1851 ἐκκλησίας
818 1817 830 1848 ,
856 1772 888 1834 ἐν
902 1774 941 1855 τῆ
957 1770 1103 1853 ἓλικιτῆς
1117 1767 1252 1851 ἀμπέλου
1268 1766 1337 1851 ῆτοι
1351 1773 1397 1854 τῷ

292 1867 440 1953 πνεύματι
462 1877 518 1954 τῆς
541 1869 660 1957 ἀγάπης
681 1872 948 1957 προσεδίσμευσεν.
999 1862 1087 1949 οὗτος
1101 1873 1157 1955 τὴν
1173 1872 1267 1937 eleon
1282 1872 1395 1955 στολὴν
1403 1883 1439 1942 16

292 1976 415 2043 καὶτοῦ
430 1970 573 2055 σώματος
587 1974 643 2057 τὴν
657 1971 822 2059 περιβολήν
827 2024 838 2054 ,
864 1972 906 2051 ῶς
925 1977 958 2040 ἓν
979 1974 1050 2062 οἴνῳ
1067 1981 1112 2063 τῷ
1125 1978 1232 2057 αἵματι
1247 1982 1301 2058 τῆς
1319 2000 1396 2040 στα-

253 2083 278 2141 D
295 2082 395 2163 ιρυλῆς
408 2078 604 2161 βεβαμμίνην
611 2125 621 2156 ,
647 2077 679 2141 ἓν
693 2085 738 2165 τῷ
754 2079 854 2166 οἶκείῳ
871 2080 977 2161 αἵματι
992 2084 1102 2143 πλυνεῖ
1102 2126 1114 2157 ,
1139 2076 1271 2156 ὅδστιν,
1293 2078 1326 2143 ἔκ
1340 2083 1397 2162 τῆς

293 2186 425 2268 φυσικῆς
443 2186 569 2267 φθορᾶς
586 2183 628 2257 είς
645 2179 828 2269 ἀφθαρσίαν
840 2186 1022 2265 μεταβαλεῖ,
1048 2183 1080 2247 δν
1101 2188 1225 2269 σταυρῷ
1244 2178 1396 2264 αἱματού-

290 2307 382 2365 μενος
397 2286 448 2348 καὶ
461 2285 494 2348 ἐκ
508 2290 621 2369 νεκρῶν
638 2282 783 2367 ἀμίαντος
804 2287 855 2349 καὶ
879 2284 1044 2372 ἄφθαρτος
1063 2282 1270 2367 ἀνιστάμενος.
1320 2280 1396 2349 τού-

290 2385 461 2453 τουκαλοὶ
479 2384 639 2474 ὀφθαλμοὶ
653 2388 804 2476 χαροποί,
825 2384 868 2465 ῶς
886 2387 947 2453 ἀπὸ
970 2388 1054 2453 οἴνου
1074 2394 1130 2453 τοῦ
1152 2385 1323 2470 πνεύματος
1340 2398 1439 2455 rte-20

290 2489 482 2574 πληρωμίνοι
506 2496 563 2555 τοῦ
583 2486 686 2574 ἀγίου,
714 2490 743 2556 οἱ
766 2488 887 2567 ὀδόντες
906 2490 941 2555 δὲ
962 2486 1042 2577 iulg
1059 2490 1096 2558 τὸ
1115 2489 1196 2576 γάλα
1216 2493 1334 2570 λευκοί,
1359 2489 1395 2557 τὸ

289 2588 456 2681 ὑπερφυῶς
483 2595 742 2681 φωτοειδίστατον
769 2599 833 2659 τῶν
856 2592 951 2658 αύτού
974 2591 1072 2679 λόγων
1095 2596 1146 2658 καὶ
1171 2590 1397 2681 καθαρώτατον

292 2694 500 2784 ἐμφαίνοντες.
542 2696 715 2782 Ζαβουλὼν
732 2694 885 2783 παράλιον
899 2694 978 2784 πρὸς
992 2693 1089 2783 ὅρμον
1101 2699 1214 2807 πλοίων
1229 2694 1397 2785 προελόμε·

291 2886 377 2959 ipsius
394 2906 429 2943 ex
445 2888 530 2971 stirpe
545 2889 688 2959 oriturum,
714 2889 857 2960 penpleue
880 2888 974 2943 laetum
991 2887 1076 2943 leudis
1090 2888 1254 2944 adorationis
1269 2896 1350 2961 atque
1363 2893 1399 2948 de

292 2956 411 3013 omuibus
431 2958 552 3011 hostibus
575 2957 705 3010 victoriae
727 2958 953 3013 denuntiationem
978 2958 1103 3028 exponit3
1127 2976 1205 3029 quem
1231 2968 1259 3013 et
1284 2962 1400 3015 uetulum

290 3026 375 3079 leonis
393 3028 426 3080 ob
445 3026 575 3094 unigeniti
589 3034 705 3079 naturam
723 3028 839 3095 regiam,
866 3035 894 3081 et
910 3045 1018 3096 germen
1036 3046 1069 3080 ex
1085 3027 1144 3097 ipso
1161 3027 1347 3099 pullulaturum
1364 3032 1399 3085 ob

290 3095 378 3155 curnis
401 3096 435 3149 de
458 3092 564 3165 virgine
589 3094 794 3165 assumptionem
817 3104 845 3149 et
864 3096 990 3149 humanos
1008 3096 1109 3150 natales
1124 3096 1252 3169 appellat.
1286 3097 1400 3155 eundem

291 3180 398 3235 quoque
421 3167 573 3218 moriturum
600 3172 628 3216 et
650 3162 723 3218 uites
745 3162 896 3219 restitutum
915 3165 968 3233 iri,
991 3166 1025 3219 ob
1043 3165 1135 3219 mortis
1151 3184 1199 3238 pro
1221 3166 1354 3222 ennianum
1371 3175 1400 3223 et

291 3232 527 3302 resurrectionem,
545 3233 683 3287 evidenter
699 3231 739 3289 ibi
756 3234 855 3306 primus
874 3234 986 3288 omnium
1002 3234 1107 3289 (livinus
1123 3252 1189 3305 pree
1210 3236 1257 3291 'cit
1272 3238 1397 3291 israelus.

291 3304 330 3357 rit
352 3321 415 3357 vero
439 3320 569 3372 nunquam
593 3302 736 3373 prinoipem
754 3321 803 3357 seu
821 3304 956 3359 ductorem
976 3321 1009 3357 ex
1030 3304 1114 3373 stirpe
1132 3305 1214 3361 Indue
1238 3306 1397 3375 defuturum,

290 3374 375 3427 donec
391 3373 419 3427 id
438 3373 527 3426 veniet
546 3372 588 3427 oui
605 3390 649 3427 res
667 3372 802 3443 repositae
817 3375 900 3441 sunt,¹
922 3390 1016 3442 nempe
1031 3373 1171 3443 Christus,
1190 3375 1237 3446 qui
1254 3392 1317 3429 vere
1330 3392 1399 3459 geu-

220 3496 224 3502 ,
290 3441 355 3497 tium
374 3442 537 3511 exspectatio
556 3450 610 3507 est3
637 3442 683 3511 qui
700 3442 806 3496 ludaeis
823 3444 919 3497 iustum
936 3442 1127 3514 elationemque
1143 3462 1261 3512 omnem,
1278 3453 1309 3499 ut
1322 3444 1343 3497 in
1361 3444 1397 3498 ob

185 3570 188 3575 ,
289 3527 400 3581 reguum
413 3510 552 3579 imperium
567 3511 768 3583 universumque
786 3520 945 3584 potestaten
965 3512 1160 3582 gloriabantur,
1185 3514 1320 3581 adimens,
1344 3512 1398 3567 eibi

290 3591 321 3633 ut
338 3576 513 3650 omnipotenti
529 3594 628 3633 omnem
647 3582 829 3635 universarum
848 3600 935 3635 rerum
949 3582 1152 3642 deminutionem
1165 3582 1317 3653 vindicans,
1335 3581 1396 3654 qui-

289 3648 339 3701 bus
365 3648 424 3704 vult
449 3665 481 3701 ee
503 3646 562 3715 ipse
586 3646 709 3717 largitur.
744 3650 767 3703 is
791 3650 825 3705 εδ
850 3652 931 3705 vitem
955 3667 1045 3719 suum,
1071 3651 1125 3705 huo*
1138 3659 1180 3703 eet
1196 3661 1346 3705 sanctorum
1363 3670 1399 3706 ex

289 3714 490 3771 circumcisione
503 3714 654 3783 eeclesiam,
679 3715 775 3786 pullum
792 3718 898 3787 asinae,
921 3720 949 3771 id
963 3729 1005 3773 eet
1020 3720 1142 3773 collectus
1158 3738 1192 3773 er
1209 3720 1332 3788 gentibue
1350 3739 1397 3775 eo-

288 3784 401 3855 elesies,
426 3784 550 3857 capreolo
568 3784 647 3852 vitis,
672 3786 741 3856 quod
758 3797 799 3839 est
814 3788 925 3857 spiritus
942 3788 1106 3858 dilectionis,
1126 3784 1256 3855 alligavit.
1298 3790 1323 3845 ie
1339 3800 1397 3843 sto-

288 3852 341 3907 lum
358 3872 447 3924 suem,
472 3852 559 3909 curuis
582 3853 707 3909 videlieet
723 3856 859 3923 amictum,
886 3855 961 3911 utin
981 3858 1044 3913 vino
1060 3858 1090 3912 iu
1106 3856 1235 3926 sunguine
1254 3858 1319 3912 vitis
1340 3858 1396 3914 tiu-

289 3930 373 3991 cun,
401 3926 430 3978 iu
444 3942 491 3979 suo
509 3924 617 3994 proprio
634 3923 765 3992 sunguine·
784 3923 901 3993 lavabit,
924 3925 1023 3996 idest,
1050 3946 1084 3983 ex
1105 3926 1216 3980 interitu
1232 3928 1346 3981 naturali
1363 3928 1398 3983 ed

289 3992 469 4047 eondicionem
482 3993 606 4047 interitus
620 4001 755 4063 expertem
768 3994 928 4062 transferet,
942 3994 1153 4066 quondoquidem
1167 3996 1195 4048 in
1209 4014 1287 4051 oruce
1300 4016 1397 4051 cruen-

288 4066 376 4131 tetur,
403 4080 420 4117 s
442 4062 550 4116 mortuis
566 4079 648 4132 purus
664 4079 696 4115 eo
718 4060 840 4117 interitui
857 4066 1021 4134 nequaquem
1037 4082 1117 4136 porro
1137 4066 1265 4121 obnoxius
1282 4066 1397 4121 exstitit.

287 4128 367 4184 huius
385 4130 464 4187 elium
482 4132 579 4187 hilares
597 4130 757 4199 suntoculi,
780 4140 904 4205 nuquam
921 4152 938 4187 ε
953 4134 1033 4204 vino,
1053 4134 1150 4205 spiritu
1168 4134 1289 4189 nimirum
1305 4144 1397 4191 euuoto

287 4216 318 4253 re
337 4199 395 4255 leti.
430 4200 523 4271 tientes
548 4202 617 4255 lecte
642 4200 810 4255 candidiores
833 4201 1077 4259 excellentissimam
1094 4220 1243 4257 sermonum
1260 4204 1317 4259 eius
1335 4222 1397 4275 per-

288 4216 456 4341 splcuinten
475 4278 556 4342 etque
573 4270 714 4340 puritatem
729 4276 832 4332 noent.
867 4272 989 4332 Zabulon
1005 4271 1161 4328 maritimum
1174 4275 1208 4330 sd
1221 4273 1327 4329 nerium
1340 4282 1397 4329 etu-
