<?xml version="1.0" encoding="UTF-8"?>
<!DOCTYPE html PUBLIC "-//W3C//DTD XHTML 1.0 Transitional//EN"
    "http://www.w3.org/TR/xhtml1/DTD/xhtml1-transitional.dtd">
<html xmlns="http://www.w3.org/1999/xhtml" xml:lang="en" lang="en">
 <head>
  <title>
</title>
<meta http-equiv="Content-Type" content="text/html;charset=utf-8" />
  <meta name='ocr-system' content='tesseract 3.04.00' />
  <meta name='ocr-capabilities' content='ocr_page ocr_carea ocr_par ocr_line ocrx_word'/>
</head>
<body>
  <div class='ocr_page' id='page_1' title='image "./corpusscriptoru47theogoog/corpusscriptoru47theogoog_0454.png"; bbox 0 0 3134 4809; ppageno 0'>
   <div class='ocr_carea' id='block_1_1' title="bbox 301 358 1040 432">
    <p class='ocr_par' dir='ltr' id='par_1_1' title="bbox 301 358 1040 432">
     <span class='ocr_line' id='line_1_1' title="bbox 301 358 1040 432; baseline -0.005 0"><span class='ocrx_word' id='word_1_1' title='bbox 301 359 375 432; x_wconf 77' lang='lat'>420</span> <span class='ocrx_word' id='word_1_2' title='bbox 651 358 832 428; x_wconf 83' lang='lat' dir='ltr'>GEORGII</span> <span class='ocrx_word' id='word_1_3' title='bbox 857 359 1040 428; x_wconf 73' lang='lat' dir='ltr'>caunum</span> 
     </span>
    </p>
   </div>
   <div class='ocr_carea' id='block_1_2' title="bbox 204 519 1449 2987">
    <p class='ocr_par' dir='ltr' id='par_1_2' title="bbox 301 519 1397 618">
     <span class='ocr_line' id='line_1_2' title="bbox 301 519 1397 618; baseline -0.006 -18"><span class='ocrx_word' id='word_1_4' title='bbox 301 537 351 600; x_wconf 85' lang='grc' dir='ltr'><strong><em>καλ</em></strong></span> <span class='ocrx_word' id='word_1_5' title='bbox 372 529 432 599; x_wconf 73' lang='lat' dir='ltr'>tut</span> <span class='ocrx_word' id='word_1_6' title='bbox 452 535 508 598; x_wconf 88' lang='grc' dir='ltr'>τοῦ</span> <span class='ocrx_word' id='word_1_7' title='bbox 526 537 630 600; x_wconf 86' lang='grc' dir='ltr'><strong><em>κλοιοῦ</em></strong></span> <span class='ocrx_word' id='word_1_8' title='bbox 646 527 808 618; x_wconf 78' lang='grc' dir='ltr'><strong><em>ἀγχίμονοι</em></strong></span> <span class='ocrx_word' id='word_1_9' title='bbox 820 535 877 615; x_wconf 78' lang='grc' dir='ltr'>τῆς</span> <span class='ocrx_word' id='word_1_10' title='bbox 890 529 1046 598; x_wconf 85' lang='grc' dir='ltr'><strong><em>πολυθίου</em></strong></span> <span class='ocrx_word' id='word_1_11' title='bbox 1058 521 1175 614; x_wconf 88' lang='grc' dir='ltr'><strong><em>πλάνης</em></strong></span> <span class='ocrx_word' id='word_1_12' title='bbox 1188 519 1397 610; x_wconf 70' lang='grc' dir='ltr'><strong><em>ἐκστήσονται.</em></strong></span> 
     </span>
    </p>

    <p class='ocr_par' dir='ltr' id='par_1_3' title="bbox 263 628 1444 1652">
     <span class='ocr_line' id='line_1_3' title="bbox 263 628 1398 722; baseline -0.006 -19"><span class='ocrx_word' id='word_1_13' title='bbox 263 643 288 696; x_wconf 81' lang='lat' dir='ltr'>C</span> <span class='ocrx_word' id='word_1_14' title='bbox 304 638 414 703; x_wconf 79' lang='grc' dir='ltr'><strong><em>οὐκοῦν</em></strong></span> <span class='ocrx_word' id='word_1_15' title='bbox 428 637 481 702; x_wconf 76' lang='grc' dir='ltr'>διὰ</span> <span class='ocrx_word' id='word_1_16' title='bbox 495 635 551 719; x_wconf 84' lang='grc' dir='ltr'>τήν</span> <span class='ocrx_word' id='word_1_17' title='bbox 565 636 809 722; x_wconf 72' lang='grc' dir='ltr'><strong><em>σκληροκαρδίαν</em></strong></span> <span class='ocrx_word' id='word_1_18' title='bbox 825 634 925 710; x_wconf 75' lang='grc' dir='ltr'><strong><em>αὐτῶν</em></strong></span> <span class='ocrx_word' id='word_1_19' title='bbox 939 633 1082 717; x_wconf 73' lang='grc' dir='ltr'><strong><em>ἒπίάηοτν</em></strong></span> <span class='ocrx_word' id='word_1_20' title='bbox 1096 628 1225 715; x_wconf 79' lang='grc' dir='ltr'><strong><em>αὐτοῦς,</em></strong></span> <span class='ocrx_word' id='word_1_21' title='bbox 1249 629 1332 708; x_wconf 71' lang='grc' dir='ltr'><strong><em>ὅπως</em></strong></span> <span class='ocrx_word' id='word_1_22' title='bbox 1344 628 1398 697; x_wconf 75' lang='lat' dir='ltr'>nt</span> 
     </span>
     <span class='ocr_line' id='line_1_4' title="bbox 301 734 1398 825; baseline -0.008 -17"><span class='ocrx_word' id='word_1_23' title='bbox 301 747 358 808; x_wconf 85' lang='grc' dir='ltr'>τοῦ</span> <span class='ocrx_word' id='word_1_24' title='bbox 374 736 463 805; x_wconf 83' lang='grc' dir='ltr'><strong><em>θάειν</em></strong></span> <span class='ocrx_word' id='word_1_25' title='bbox 479 740 528 802; x_wconf 82' lang='grc' dir='ltr'><strong><em>καλ</em></strong></span> <span class='ocrx_word' id='word_1_26' title='bbox 546 739 648 825; x_wconf 82' lang='grc' dir='ltr'><strong><em>ἀργεῖν</em></strong></span> <span class='ocrx_word' id='word_1_27' title='bbox 663 741 713 804; x_wconf 84' lang='grc' dir='ltr'><strong><em>καλ</em></strong></span> <span class='ocrx_word' id='word_1_28' title='bbox 731 735 906 824; x_wconf 72' lang='grc' dir='ltr'><strong><em>ἁγνίζεσθαι</em></strong></span> <span class='ocrx_word' id='word_1_29' title='bbox 918 739 969 802; x_wconf 84' lang='grc' dir='ltr'><strong><em>καλ</em></strong></span> <span class='ocrx_word' id='word_1_30' title='bbox 982 736 1021 802; x_wconf 77' lang='grc' dir='ltr'><strong><em>τὰ</em></strong></span> <span class='ocrx_word' id='word_1_31' title='bbox 1032 734 1135 802; x_wconf 79' lang='grc' dir='ltr'><strong><em>τοιάἀε</em></strong></span> <span class='ocrx_word' id='word_1_32' title='bbox 1148 741 1398 821; x_wconf 70' lang='grc' dir='ltr'><strong><em>παρατηρεῖσθαι</em></strong></span> 
     </span>
     <span class='ocr_line' id='line_1_5' title="bbox 304 837 1398 928; baseline -0.009 -17"><span class='ocrx_word' id='word_1_33' title='bbox 304 847 345 922; x_wconf 85' lang='grc' dir='ltr'><strong><em>είς</em></strong></span> <span class='ocrx_word' id='word_1_34' title='bbox 368 842 484 908; x_wconf 74' lang='grc' dir='ltr'><strong><em>ἔννοιαν</em></strong></span> <span class='ocrx_word' id='word_1_35' title='bbox 511 839 656 928; x_wconf 70' lang='grc' dir='ltr'><strong><em>λ’ρχαινται</em></strong></span> <span class='ocrx_word' id='word_1_36' title='bbox 683 848 759 908; x_wconf 86' lang='grc' dir='ltr'><strong><em>θεοῦ</em></strong></span> <span class='ocrx_word' id='word_1_37' title='bbox 782 847 839 906; x_wconf 90' lang='grc' dir='ltr'>τοῦ</span> <span class='ocrx_word' id='word_1_38' title='bbox 859 846 957 906; x_wconf 89' lang='grc' dir='ltr'><strong><em>ταῦτα</em></strong></span> <span class='ocrx_word' id='word_1_39' title='bbox 978 838 1198 922; x_wconf 80' lang='grc' dir='ltr'><strong><em>θιαταξαμίνου</em></strong></span> <span class='ocrx_word' id='word_1_40' title='bbox 1220 837 1325 915; x_wconf 84' lang='grc' dir='ltr'><strong><em>αῦτοῖς</em></strong></span> <span class='ocrx_word' id='word_1_41' title='bbox 1346 837 1398 902; x_wconf 82' lang='grc' dir='ltr'><strong><em>καλ</em></strong></span> 
     </span>
     <span class='ocr_line' id='line_1_6' title="bbox 301 938 1422 1032; baseline -0.005 -18"><span class='ocrx_word' id='word_1_42' title='bbox 301 941 583 1030; x_wconf 76' lang='grc' dir='ltr'><strong><em>νομοθετήσαντος,</em></strong></span> <span class='ocrx_word' id='word_1_43' title='bbox 610 947 670 1031; x_wconf 76' lang='grc' dir='ltr'><strong><em>οίγε</em></strong></span> <span class='ocrx_word' id='word_1_44' title='bbox 691 945 852 1032; x_wconf 82' lang='grc' dir='ltr'><strong><em>μοχθηρίηι</em></strong></span> <span class='ocrx_word' id='word_1_45' title='bbox 874 941 989 1028; x_wconf 83' lang='grc' dir='ltr'><strong><em>τρόπου</em></strong></span> <span class='ocrx_word' id='word_1_46' title='bbox 1013 944 1063 1008; x_wconf 81' lang='grc' dir='ltr'><strong><em>καλ</em></strong></span> <span class='ocrx_word' id='word_1_47' title='bbox 1083 938 1204 1027; x_wconf 76' lang='grc' dir='ltr'><strong><em>γνώμης</em></strong></span> <span class='ocrx_word' id='word_1_48' title='bbox 1224 939 1422 1026; x_wconf 83' lang='grc' dir='ltr'><strong><em>ἀγνώμονος5</em></strong></span> 
     </span>
     <span class='ocr_line' id='line_1_7' title="bbox 304 1041 1400 1133; baseline -0.006 -17"><span class='ocrx_word' id='word_1_49' title='bbox 304 1051 340 1116; x_wconf 83' lang='grc' dir='ltr'><strong><em>οῦ</em></strong></span> <span class='ocrx_word' id='word_1_50' title='bbox 358 1050 551 1132; x_wconf 81' lang='grc' dir='ltr'><strong><em>ἀνελίμνιανον</em></strong></span> <span class='ocrx_word' id='word_1_51' title='bbox 569 1046 689 1113; x_wconf 79' lang='grc' dir='ltr'><strong><em>ἀνωθεν</em></strong></span> <span class='ocrx_word' id='word_1_52' title='bbox 704 1049 754 1112; x_wconf 82' lang='grc' dir='ltr'><strong><em>καλ</em></strong></span> <span class='ocrx_word' id='word_1_53' title='bbox 770 1049 803 1123; x_wconf 75' lang='grc' dir='ltr'>ἕξ</span> <span class='ocrx_word' id='word_1_54' title='bbox 819 1047 917 1133; x_wconf 76' lang='grc' dir='ltr'><strong><em>ἀρχῆς</em></strong></span> <span class='ocrx_word' id='word_1_55' title='bbox 931 1045 1021 1130; x_wconf 87' lang='grc' dir='ltr'><strong><em>με’χρι</em></strong></span> <span class='ocrx_word' id='word_1_56' title='bbox 1036 1047 1141 1122; x_wconf 81' lang='grc' dir='ltr'><strong><em>τίλους</em></strong></span> <span class='ocrx_word' id='word_1_57' title='bbox 1156 1041 1400 1126; x_wconf 65' lang='grc' dir='ltr'><strong><em>ἐπιλανθανόμε-</em></strong></span> 
     </span>
     <span class='ocr_line' id='line_1_8' title="bbox 302 1145 1400 1236; baseline -0.006 -17"><span class='ocrx_word' id='word_1_58' title='bbox 302 1179 350 1220; x_wconf 88' lang='grc' dir='ltr'>νοι</span> <span class='ocrx_word' id='word_1_59' title='bbox 364 1157 420 1217; x_wconf 91' lang='grc' dir='ltr'>τοῦ</span> <span class='ocrx_word' id='word_1_60' title='bbox 436 1146 528 1230; x_wconf 85' lang='grc' dir='ltr'><strong><em>θεοῦ,</em></strong></span> <span class='ocrx_word' id='word_1_61' title='bbox 553 1153 604 1216; x_wconf 85' lang='grc' dir='ltr'><strong><em>καλ</em></strong></span> <span class='ocrx_word' id='word_1_62' title='bbox 626 1147 889 1236; x_wconf 80' lang='grc' dir='ltr'><strong><em>παρατρεπόμενοι</em></strong></span> <span class='ocrx_word' id='word_1_63' title='bbox 905 1145 1107 1234; x_wconf 77' lang='grc' dir='ltr'><strong><em>προσεκίνουν</em></strong></span> <span class='ocrx_word' id='word_1_64' title='bbox 1123 1149 1190 1214; x_wconf 77' lang='grc' dir='ltr'><strong><em>ἀντὶ</em></strong></span> <span class='ocrx_word' id='word_1_65' title='bbox 1207 1147 1262 1213; x_wconf 83' lang='grc' dir='ltr'>τοῦ</span> <span class='ocrx_word' id='word_1_66' title='bbox 1276 1149 1400 1213; x_wconf 81' lang='grc' dir='ltr'><strong><em>κτίστου</em></strong></span> 
     </span>
     <span class='ocr_line' id='line_1_9' title="bbox 302 1247 1402 1339; baseline -0.004 -21"><span class='ocrx_word' id='word_1_67' title='bbox 302 1256 359 1337; x_wconf 80' lang='grc' dir='ltr'>τὴν</span> <span class='ocrx_word' id='word_1_68' title='bbox 382 1256 495 1333; x_wconf 88' lang='grc' dir='ltr'><strong><em>κτίσιν,</em></strong></span> <span class='ocrx_word' id='word_1_69' title='bbox 520 1255 570 1319; x_wconf 83' lang='grc' dir='ltr'><strong><em>καλ</em></strong></span> <span class='ocrx_word' id='word_1_70' title='bbox 596 1253 668 1319; x_wconf 73' lang='grc' dir='ltr'><strong><em>ποτὲ</em></strong></span> <span class='ocrx_word' id='word_1_71' title='bbox 688 1255 762 1336; x_wconf 87' lang='grc' dir='ltr'><strong><em>μίν,</em></strong></span> <span class='ocrx_word' id='word_1_72' title='bbox 788 1249 831 1330; x_wconf 79' lang='grc' dir='ltr'><strong><em>ὥς</em></strong></span> <span class='ocrx_word' id='word_1_73' title='bbox 850 1252 984 1339; x_wconf 72' lang='grc' dir='ltr'><strong><em>εἴρηται,</em></strong></span> <span class='ocrx_word' id='word_1_74' title='bbox 1008 1247 1301 1335; x_wconf 88' lang='grc' dir='ltr'><strong><em>μοσχοποιήοαντες,</em></strong></span> <span class='ocrx_word' id='word_1_75' title='bbox 1326 1249 1402 1316; x_wconf 76' lang='grc' dir='ltr'><strong><em>ποτὲ</em></strong></span> 
     </span>
     <span class='ocr_line' id='line_1_10' title="bbox 305 1350 1402 1446; baseline -0.007 -20"><span class='ocrx_word' id='word_1_76' title='bbox 305 1360 339 1426; x_wconf 73' lang='grc' dir='ltr'>δὲ</span> <span class='ocrx_word' id='word_1_77' title='bbox 359 1364 403 1446; x_wconf 78' lang='grc' dir='ltr'><strong><em>τῷ</em></strong></span> <span class='ocrx_word' id='word_1_78' title='bbox 426 1355 606 1444; x_wconf 79' lang='grc' dir='ltr'><strong><em>Βειλφεγολρ</em></strong></span> <span class='ocrx_word' id='word_1_79' title='bbox 630 1351 908 1442; x_wconf 75' lang='grc' dir='ltr'><strong><em>προσκυνήσαντες,</em></strong></span> <span class='ocrx_word' id='word_1_80' title='bbox 934 1353 1042 1420; x_wconf 76' lang='grc' dir='ltr'><strong><em>ἄλλοτε</em></strong></span> <span class='ocrx_word' id='word_1_81' title='bbox 1066 1355 1099 1419; x_wconf 77' lang='grc' dir='ltr'>ἀί</span> <span class='ocrx_word' id='word_1_82' title='bbox 1120 1359 1165 1442; x_wconf 75' lang='grc' dir='ltr'>τηλ</span> <span class='ocrx_word' id='word_1_83' title='bbox 1184 1350 1276 1418; x_wconf 84' lang='grc' dir='ltr'><strong><em>Βάαλ</em></strong></span> <span class='ocrx_word' id='word_1_84' title='bbox 1291 1355 1402 1440; x_wconf 75' lang='grc' dir='ltr'><strong><em>καὶτῷ</em></strong></span> 
     </span>
     <span class='ocr_line' id='line_1_11' title="bbox 303 1454 1444 1548; baseline -0.006 -21"><span class='ocrx_word' id='word_1_85' title='bbox 303 1459 426 1544; x_wconf 81' lang='grc' dir='ltr'><strong><em>Χαμάις</em></strong></span> <span class='ocrx_word' id='word_1_86' title='bbox 439 1464 491 1526; x_wconf 81' lang='grc' dir='ltr'>καὶ</span> <span class='ocrx_word' id='word_1_87' title='bbox 504 1467 542 1548; x_wconf 79' lang='grc' dir='ltr'><strong><em>τῇ</em></strong></span> <span class='ocrx_word' id='word_1_88' title='bbox 559 1461 692 1548; x_wconf 78' lang='grc' dir='ltr'><strong><em>Σιδωνίη</em></strong></span> <span class='ocrx_word' id='word_1_89' title='bbox 704 1457 853 1546; x_wconf 80' lang='grc' dir='ltr'><strong><em>Ἀστάρτη</em></strong></span> <span class='ocrx_word' id='word_1_90' title='bbox 870 1461 920 1523; x_wconf 84' lang='grc' dir='ltr'><strong><em>καλ</em></strong></span> <span class='ocrx_word' id='word_1_91' title='bbox 937 1464 981 1546; x_wconf 79' lang='grc' dir='ltr'><strong><em>τῷ</em></strong></span> <span class='ocrx_word' id='word_1_92' title='bbox 997 1454 1161 1540; x_wconf 84' lang='grc' dir='ltr'><strong><em>Μολχοίμ,</em></strong></span> <span class='ocrx_word' id='word_1_93' title='bbox 1185 1459 1237 1521; x_wconf 80' lang='grc' dir='ltr'>καὶ</span> <span class='ocrx_word' id='word_1_94' title='bbox 1259 1457 1333 1521; x_wconf 72' lang='grc' dir='ltr'><strong><em>ποτὲ</em></strong></span> <span class='ocrx_word' id='word_1_95' title='bbox 1354 1461 1444 1544; x_wconf 53' lang='lat' dir='ltr'>spito</span> 
     </span>
     <span class='ocr_line' id='line_1_12' title="bbox 303 1558 1402 1652; baseline -0.005 -24"><span class='ocrx_word' id='word_1_96' title='bbox 303 1561 380 1652; x_wconf 80' lang='grc' dir='ltr'><strong><em>ήλίιμ</em></strong></span> <span class='ocrx_word' id='word_1_97' title='bbox 397 1567 448 1628; x_wconf 87' lang='grc' dir='ltr'>καί</span> <span class='ocrx_word' id='word_1_98' title='bbox 463 1569 502 1650; x_wconf 79' lang='grc' dir='ltr'><strong><em>τῇ</em></strong></span> <span class='ocrx_word' id='word_1_99' title='bbox 517 1562 626 1652; x_wconf 80' lang='grc' dir='ltr'><strong><em>σελήνη</em></strong></span> <span class='ocrx_word' id='word_1_100' title='bbox 646 1565 696 1628; x_wconf 77' lang='grc' dir='ltr'>καὶ</span> <span class='ocrx_word' id='word_1_101' title='bbox 715 1573 779 1638; x_wconf 82' lang='grc' dir='ltr'><strong><em>τοῖς</em></strong></span> <span class='ocrx_word' id='word_1_102' title='bbox 798 1561 940 1645; x_wconf 87' lang='grc' dir='ltr'><strong><em>ἀστροις,</em></strong></span> <span class='ocrx_word' id='word_1_103' title='bbox 965 1560 986 1624; x_wconf 84' lang='grc' dir='ltr'><strong><em>ἀ</em></strong></span> <span class='ocrx_word' id='word_1_104' title='bbox 1008 1558 1025 1625; x_wconf 81' lang='grc' dir='ltr'><strong>ὃ</strong></span> <span class='ocrx_word' id='word_1_105' title='bbox 1047 1559 1124 1636; x_wconf 75' lang='grc' dir='ltr'><strong><em>θεὸς</em></strong></span> <span class='ocrx_word' id='word_1_106' title='bbox 1145 1561 1188 1636; x_wconf 90' lang='grc' dir='ltr'><strong><em>είς</em></strong></span> <span class='ocrx_word' id='word_1_107' title='bbox 1208 1565 1324 1646; x_wconf 83' lang='grc' dir='ltr'><strong><em>φαῦοιν</em></strong></span> <span class='ocrx_word' id='word_1_108' title='bbox 1344 1559 1402 1622; x_wconf 83' lang='grc' dir='ltr'>ἀν-</span> 
     </span>
    </p>

    <p class='ocr_par' dir='ltr' id='par_1_4' title="bbox 210 1661 1449 2679">
     <span class='ocr_line' id='line_1_13' title="bbox 210 1661 1404 1754; baseline -0.006 -21"><span class='ocrx_word' id='word_1_109' title='bbox 210 1715 213 1726; x_wconf 79' lang='grc'>.</span> <span class='ocrx_word' id='word_1_110' title='bbox 265 1687 290 1741; x_wconf 82' lang='lat' dir='ltr'>n</span> <span class='ocrx_word' id='word_1_111' title='bbox 308 1664 448 1754; x_wconf 81' lang='grc' dir='ltr'><strong><em>θρώποις</em></strong></span> <span class='ocrx_word' id='word_1_112' title='bbox 462 1667 582 1750; x_wconf 70' lang='grc' dir='ltr'><strong><em>ἐποίησε</em></strong></span> <span class='ocrx_word' id='word_1_113' title='bbox 600 1669 648 1733; x_wconf 84' lang='grc' dir='ltr'><strong><em>καλ</em></strong></span> <span class='ocrx_word' id='word_1_114' title='bbox 663 1665 719 1732; x_wconf 88' lang='grc' dir='ltr'>οάκ</span> <span class='ocrx_word' id='word_1_115' title='bbox 735 1667 777 1742; x_wconf 86' lang='grc' dir='ltr'><strong><em>είς</em></strong></span> <span class='ocrx_word' id='word_1_116' title='bbox 790 1661 1007 1751; x_wconf 71' lang='grc' dir='ltr'><strong><em>προσκύνησιν·</em></strong></span> <span class='ocrx_word' id='word_1_117' title='bbox 1033 1664 1106 1729; x_wconf 78' lang='lat' dir='ltr'>nori</span> <span class='ocrx_word' id='word_1_118' title='bbox 1118 1664 1152 1728; x_wconf 72' lang='lat' dir='ltr'>di</span> <span class='ocrx_word' id='word_1_119' title='bbox 1165 1665 1215 1726; x_wconf 87' lang='grc' dir='ltr'><strong><em>καλ</em></strong></span> <span class='ocrx_word' id='word_1_120' title='bbox 1227 1661 1324 1747; x_wconf 78' lang='grc' dir='ltr'><strong><em>ἄλογα</em></strong></span> <span class='ocrx_word' id='word_1_121' title='bbox 1338 1664 1404 1750; x_wconf 75' lang='grc' dir='ltr'>ζῷα</span> 
     </span>
     <span class='ocr_line' id='line_1_14' title="bbox 306 1759 1404 1855; baseline -0.006 -19"><span class='ocrx_word' id='word_1_122' title='bbox 306 1772 431 1853; x_wconf 77' lang='grc' dir='ltr'><strong><em>ἓτίμιυν,</em></strong></span> <span class='ocrx_word' id='word_1_123' title='bbox 458 1767 500 1847; x_wconf 82' lang='grc' dir='ltr'><strong><em>ὡς</em></strong></span> <span class='ocrx_word' id='word_1_124' title='bbox 516 1771 592 1855; x_wconf 82' lang='grc' dir='ltr'><strong><em>παρ’</em></strong></span> <span class='ocrx_word' id='word_1_125' title='bbox 615 1769 797 1853; x_wconf 85' lang='grc' dir='ltr'><strong><em>Αίγυπτίοις</em></strong></span> <span class='ocrx_word' id='word_1_126' title='bbox 818 1767 871 1833; x_wconf 85' lang='grc' dir='ltr'>τάν</span> <span class='ocrx_word' id='word_1_127' title='bbox 887 1759 975 1834; x_wconf 71' lang='grc' dir='ltr'><strong><em>Ἆπιν</em></strong></span> <span class='ocrx_word' id='word_1_128' title='bbox 991 1772 1069 1848; x_wconf 77' lang='grc' dir='ltr'><strong><em>βοῦν</em></strong></span> <span class='ocrx_word' id='word_1_129' title='bbox 1084 1769 1135 1830; x_wconf 74' lang='grc' dir='ltr'>καὶ</span> <span class='ocrx_word' id='word_1_130' title='bbox 1151 1766 1205 1832; x_wconf 82' lang='grc' dir='ltr'>τὸν</span> <span class='ocrx_word' id='word_1_131' title='bbox 1221 1762 1404 1850; x_wconf 80' lang='grc' dir='ltr'><strong><em>Μενδήσιον</em></strong></span> 
     </span>
     <span class='ocr_line' id='line_1_15' title="bbox 305 1865 1404 1960; baseline -0.005 -22"><span class='ocrx_word' id='word_1_132' title='bbox 305 1871 439 1960; x_wconf 80' lang='grc' dir='ltr'><strong><em>τράγον,</em></strong></span> <span class='ocrx_word' id='word_1_133' title='bbox 461 1875 512 1936; x_wconf 86' lang='grc' dir='ltr'>καὶ</span> <span class='ocrx_word' id='word_1_134' title='bbox 538 1874 632 1950; x_wconf 77' lang='grc' dir='ltr'><strong><em>θεοὺς</em></strong></span> <span class='ocrx_word' id='word_1_135' title='bbox 656 1872 809 1958; x_wconf 74' lang='grc' dir='ltr'><strong><em>ἀργυροῦς</em></strong></span> <span class='ocrx_word' id='word_1_136' title='bbox 831 1873 881 1934; x_wconf 81' lang='grc' dir='ltr'><strong><em>καλ</em></strong></span> <span class='ocrx_word' id='word_1_137' title='bbox 900 1877 1053 1955; x_wconf 78' lang='grc' dir='ltr'><strong><em>χρυσοῦς,</em></strong></span> <span class='ocrx_word' id='word_1_138' title='bbox 1079 1865 1122 1946; x_wconf 82' lang='grc' dir='ltr'><strong><em>ὡς</em></strong></span> <span class='ocrx_word' id='word_1_139' title='bbox 1144 1869 1176 1934; x_wconf 83' lang='grc' dir='ltr'>ίν</span> <span class='ocrx_word' id='word_1_140' title='bbox 1198 1874 1237 1955; x_wconf 82' lang='grc' dir='ltr'><strong><em>τῇ</em></strong></span> <span class='ocrx_word' id='word_1_141' title='bbox 1256 1869 1404 1958; x_wconf 74' lang='grc' dir='ltr'><strong><em>Ἰουδαίᾳ.</em></strong></span> 
     </span>
     <span class='ocr_line' id='line_1_16' title="bbox 307 1957 1446 2062; baseline -0.004 -20"><span class='ocrx_word' id='word_1_142' title='bbox 307 1972 403 2062; x_wconf 75' lang='grc' dir='ltr'><strong><em>ταύτῃ</em></strong></span> <span class='ocrx_word' id='word_1_143' title='bbox 420 1999 467 2041; x_wconf 88' lang='grc' dir='ltr'>τοι</span> <span class='ocrx_word' id='word_1_144' title='bbox 485 1957 646 2062; x_wconf 75' lang='grc' dir='ltr'><strong><em>προδήλως</em></strong></span> <span class='ocrx_word' id='word_1_145' title='bbox 662 1975 792 2039; x_wconf 76' lang='grc' dir='ltr'><strong><em>ἀπειλῶν</em></strong></span> <span class='ocrx_word' id='word_1_146' title='bbox 805 1974 909 2050; x_wconf 77' lang='grc' dir='ltr'><strong><em>αὐτοῖς</em></strong></span> <span class='ocrx_word' id='word_1_147' title='bbox 924 1970 941 2037; x_wconf 79' lang='grc' dir='ltr'><em>ὃ</em></span> <span class='ocrx_word' id='word_1_148' title='bbox 957 1974 1033 2050; x_wconf 80' lang='grc' dir='ltr'><strong><em>θεὸς</em></strong></span> <span class='ocrx_word' id='word_1_149' title='bbox 1045 1971 1125 2058; x_wconf 71' lang='grc' dir='ltr'><strong><em>ἔλεγε</em></strong></span> <span class='ocrx_word' id='word_1_150' title='bbox 1141 1971 1194 2038; x_wconf 80' lang='grc' dir='ltr'>διὰ</span> <span class='ocrx_word' id='word_1_151' title='bbox 1207 1977 1264 2037; x_wconf 87' lang='grc' dir='ltr'>τοῦ</span> <span class='ocrx_word' id='word_1_152' title='bbox 1277 1969 1403 2060; x_wconf 84' lang='grc' dir='ltr'><strong><em>προφή-</em></strong></span> <span class='ocrx_word' id='word_1_153' title='bbox 1411 1984 1446 2038; x_wconf 77' lang='lat'>15</span> 
     </span>
     <span class='ocr_line' id='line_1_17' title="bbox 308 2073 1405 2164; baseline -0.005 -19"><span class='ocrx_word' id='word_1_154' title='bbox 308 2097 380 2145; x_wconf 87' lang='grc' dir='ltr'><strong><em>του·</em></strong></span> <span class='ocrx_word' id='word_1_155' title='bbox 401 2075 468 2162; x_wconf 63' lang='lat' dir='ltr'>“pi</span> <span class='ocrx_word' id='word_1_156' title='bbox 489 2078 599 2161; x_wconf 83' lang='grc' dir='ltr'><strong><em>μικρὸν</em></strong></span> <span class='ocrx_word' id='word_1_157' title='bbox 619 2085 708 2142; x_wconf 83' lang='grc' dir='ltr'><strong><em>τοῦτο</em></strong></span> <span class='ocrx_word' id='word_1_158' title='bbox 730 2083 773 2164; x_wconf 81' lang='grc' dir='ltr'><strong><em>τῷ</em></strong></span> <span class='ocrx_word' id='word_1_159' title='bbox 797 2074 871 2164; x_wconf 82' lang='grc' dir='ltr'><strong><em>οίκῳ</em></strong></span> <span class='ocrx_word' id='word_1_160' title='bbox 891 2073 1009 2154; x_wconf 67' lang='lat' dir='ltr'>lorido,</span> <span class='ocrx_word' id='word_1_161' title='bbox 1034 2085 1128 2142; x_wconf 76' lang='grc' dir='ltr'><strong><em>ποιεῖν</em></strong></span> <span class='ocrx_word' id='word_1_162' title='bbox 1148 2075 1188 2140; x_wconf 87' lang='grc' dir='ltr'><strong><em>τά</em></strong></span> <span class='ocrx_word' id='word_1_163' title='bbox 1205 2073 1405 2160; x_wconf 78' lang='grc' dir='ltr'><strong><em>βδελῦγματα</em></strong></span> 
     </span>
     <span class='ocr_line' id='line_1_18' title="bbox 308 2177 1404 2265; baseline -0.005 -18"><span class='ocrx_word' id='word_1_164' title='bbox 308 2187 407 2247; x_wconf 88' lang='grc' dir='ltr'><strong><em>ταῦτα</em></strong></span> <span class='ocrx_word' id='word_1_165' title='bbox 426 2179 447 2244; x_wconf 84' lang='grc' dir='ltr'><strong><em>ἀ</em></strong></span> <span class='ocrx_word' id='word_1_166' title='bbox 466 2181 628 2262; x_wconf 80' lang='grc' dir='ltr'><strong><em>ίποίησαν;</em></strong></span> <span class='ocrx_word' id='word_1_167' title='bbox 653 2178 701 2244; x_wconf 79' lang='grc' dir='ltr'><strong><em>ὅτι</em></strong></span> <span class='ocrx_word' id='word_1_168' title='bbox 721 2177 856 2262; x_wconf 66' lang='grc' dir='ltr'><strong><em>ἔπλησαν</em></strong></span> <span class='ocrx_word' id='word_1_169' title='bbox 871 2178 927 2262; x_wconf 83' lang='grc' dir='ltr'>τήν</span> <span class='ocrx_word' id='word_1_170' title='bbox 940 2186 997 2264; x_wconf 82' lang='grc' dir='ltr'>γῆν</span> <span class='ocrx_word' id='word_1_171' title='bbox 1011 2177 1138 2262; x_wconf 76' lang='grc' dir='ltr'><strong><em>ἀνομίας</em></strong></span> <span class='ocrx_word' id='word_1_172' title='bbox 1150 2183 1206 2244; x_wconf 84' lang='grc' dir='ltr'>τοῦ</span> <span class='ocrx_word' id='word_1_173' title='bbox 1218 2179 1404 2265; x_wconf 85' lang='grc' dir='ltr'><strong><em>παροργίσαι</em></strong></span> 
     </span>
     <span class='ocr_line' id='line_1_19' title="bbox 309 2278 1405 2368; baseline -0.004 -20"><span class='ocrx_word' id='word_1_174' title='bbox 309 2283 379 2368; x_wconf 85' lang='grc' dir='ltr'><strong><em>με.”</em></strong></span> <span class='ocrx_word' id='word_1_175' title='bbox 433 2281 482 2349; x_wconf 76' lang='grc' dir='ltr'>διὸ</span> <span class='ocrx_word' id='word_1_176' title='bbox 497 2286 597 2348; x_wconf 83' lang='grc' dir='ltr'><strong><em>τοίνυν</em></strong></span> <span class='ocrx_word' id='word_1_177' title='bbox 612 2281 734 2359; x_wconf 81' lang='grc' dir='ltr'><strong><em>είκότιος</em></strong></span> <span class='ocrx_word' id='word_1_178' title='bbox 749 2280 1026 2368; x_wconf 76' lang='grc' dir='ltr'><strong><em>ἔξωλοθρεῦθησαν</em></strong></span> <span class='ocrx_word' id='word_1_179' title='bbox 1041 2278 1084 2359; x_wconf 81' lang='grc' dir='ltr'><strong><em>ὡς</em></strong></span> <span class='ocrx_word' id='word_1_180' title='bbox 1096 2280 1150 2358; x_wconf 70' lang='grc' dir='ltr'>τὸν</span> <span class='ocrx_word' id='word_1_181' title='bbox 1162 2281 1240 2346; x_wconf 76' lang='grc' dir='ltr'><strong><em>θεὸν</em></strong></span> <span class='ocrx_word' id='word_1_182' title='bbox 1255 2281 1405 2368; x_wconf 85' lang='grc' dir='ltr'><strong><em>παροργί-</em></strong></span> 
     </span>
     <span class='ocr_line' id='line_1_20' title="bbox 307 2383 1405 2472; baseline -0.003 -21"><span class='ocrx_word' id='word_1_183' title='bbox 307 2389 407 2467; x_wconf 87' lang='grc' dir='ltr'><strong><em>ζοντες</em></strong></span> <span class='ocrx_word' id='word_1_184' title='bbox 428 2387 479 2450; x_wconf 83' lang='grc' dir='ltr'><strong><em>καλ</em></strong></span> <span class='ocrx_word' id='word_1_185' title='bbox 500 2385 555 2469; x_wconf 79' lang='grc' dir='ltr'>τήν</span> <span class='ocrx_word' id='word_1_186' title='bbox 575 2383 738 2472; x_wconf 82' lang='grc' dir='ltr'><strong><em>ἀγίανγῆν</em></strong></span> <span class='ocrx_word' id='word_1_187' title='bbox 758 2386 871 2470; x_wconf 72' lang='grc' dir='ltr'><strong><em>ἐκείνην</em></strong></span> <span class='ocrx_word' id='word_1_188' title='bbox 892 2387 1138 2467; x_wconf 86' lang='grc' dir='ltr'><strong><em>κατομιαίνοντες</em></strong></span> <span class='ocrx_word' id='word_1_189' title='bbox 1157 2384 1213 2448; x_wconf 76' lang='grc' dir='ltr'>ἀπ’</span> <span class='ocrx_word' id='word_1_190' title='bbox 1234 2383 1331 2468; x_wconf 83' lang='grc' dir='ltr'><strong><em>ἀρχῆς</em></strong></span> <span class='ocrx_word' id='word_1_191' title='bbox 1346 2383 1405 2460; x_wconf 68' lang='grc' dir='ltr'><strong><em>ἴοις</em></strong></span> 
     </span>
     <span class='ocr_line' id='line_1_21' title="bbox 307 2485 1449 2574; baseline 0.001 -19"><span class='ocrx_word' id='word_1_192' title='bbox 307 2498 363 2574; x_wconf 85' lang='grc' dir='ltr'>τῆς</span> <span class='ocrx_word' id='word_1_193' title='bbox 382 2487 511 2573; x_wconf 76' lang='grc' dir='ltr'><strong><em>ἐσχάτης</em></strong></span> <span class='ocrx_word' id='word_1_194' title='bbox 533 2492 584 2554; x_wconf 84' lang='grc' dir='ltr'><strong><em>καλ</em></strong></span> <span class='ocrx_word' id='word_1_195' title='bbox 606 2489 780 2565; x_wconf 89' lang='grc' dir='ltr'><strong><em>τελευταίας</em></strong></span> <span class='ocrx_word' id='word_1_196' title='bbox 801 2488 916 2572; x_wconf 79' lang='grc' dir='ltr'><strong><em>ταύτης</em></strong></span> <span class='ocrx_word' id='word_1_197' title='bbox 936 2485 1078 2566; x_wconf 80' lang='grc' dir='ltr'><strong><em>ἁλώσεως</em></strong></span> <span class='ocrx_word' id='word_1_198' title='bbox 1098 2489 1147 2552; x_wconf 75' lang='lat' dir='ltr'>tut</span> <span class='ocrx_word' id='word_1_199' title='bbox 1171 2487 1449 2556; x_wconf 68' lang='lat' dir='ltr'>oownaerarousn</span> 
     </span>
     <span class='ocr_line' id='line_1_22' title="bbox 310 2586 1404 2679; baseline -0.003 -21"><span class='ocrx_word' id='word_1_200' title='bbox 310 2597 360 2658; x_wconf 85' lang='grc' dir='ltr'><strong><em>καλ</em></strong></span> <span class='ocrx_word' id='word_1_201' title='bbox 384 2597 489 2658; x_wconf 85' lang='grc' dir='ltr'><strong><em>Τίτου.</em></strong></span> <span class='ocrx_word' id='word_1_202' title='bbox 540 2594 589 2658; x_wconf 80' lang='grc' dir='ltr'>καὶ</span> <span class='ocrx_word' id='word_1_203' title='bbox 609 2594 668 2678; x_wconf 79' lang='grc' dir='ltr'>γὰρ</span> <span class='ocrx_word' id='word_1_204' title='bbox 689 2587 847 2679; x_wconf 78' lang='grc' dir='ltr'><strong><em>διαφόρων</em></strong></span> <span class='ocrx_word' id='word_1_205' title='bbox 860 2588 973 2675; x_wconf 73' lang='grc' dir='ltr'><strong><em>ταύτην</em></strong></span> <span class='ocrx_word' id='word_1_206' title='bbox 987 2589 1117 2656; x_wconf 74' lang='grc' dir='ltr'><strong><em>ε’λάντων</em></strong></span> <span class='ocrx_word' id='word_1_207' title='bbox 1133 2591 1184 2655; x_wconf 86' lang='grc' dir='ltr'><strong><em>καλ</em></strong></span> <span class='ocrx_word' id='word_1_208' title='bbox 1200 2586 1404 2669; x_wconf 74' lang='grc' dir='ltr'><strong><em>καθελόντων,</em></strong></span> 
     </span>
    </p>

    <p class='ocr_par' dir='ltr' id='par_1_5' title="bbox 204 2690 1406 2987">
     <span class='ocr_line' id='line_1_23' title="bbox 204 2690 1406 2784; baseline -0.005 -21"><span class='ocrx_word' id='word_1_209' title='bbox 204 2713 227 2767; x_wconf 86' lang='grc' dir='ltr'><strong>Ρ</strong></span> <span class='ocrx_word' id='word_1_210' title='bbox 244 2711 297 2770; x_wconf 79' lang='lat'>240</span> <span class='ocrx_word' id='word_1_211' title='bbox 313 2699 387 2784; x_wconf 74' lang='grc' dir='ltr'><strong><em>φησὶ</em></strong></span> <span class='ocrx_word' id='word_1_212' title='bbox 413 2691 626 2782; x_wconf 81' lang='grc' dir='ltr'><strong><em>Θεοάὥρητος,</em></strong></span> <span class='ocrx_word' id='word_1_213' title='bbox 652 2691 743 2760; x_wconf 83' lang='grc' dir='ltr'><strong><em>πάλιν</em></strong></span> <span class='ocrx_word' id='word_1_214' title='bbox 762 2697 805 2771; x_wconf 85' lang='grc' dir='ltr'><strong><em>είς</em></strong></span> <span class='ocrx_word' id='word_1_215' title='bbox 826 2693 862 2760; x_wconf 82' lang='grc' dir='ltr'><strong><em>τῦ</em></strong></span> <span class='ocrx_word' id='word_1_216' title='bbox 879 2694 1006 2780; x_wconf 79' lang='grc' dir='ltr'><strong><em>ἀρχαῖον</em></strong></span> <span class='ocrx_word' id='word_1_217' title='bbox 1022 2692 1271 2776; x_wconf 85' lang='grc' dir='ltr'><strong><em>ἀποκατίστηοαν</em></strong></span> <span class='ocrx_word' id='word_1_218' title='bbox 1284 2690 1406 2774; x_wconf 83' lang='grc' dir='ltr'><strong><em>ἀξίωμά</em></strong></span> 
     </span>
     <span class='ocr_line' id='line_1_24' title="bbox 310 2795 1405 2884; baseline -0.005 -19"><span class='ocrx_word' id='word_1_219' title='bbox 310 2801 410 2865; x_wconf 77' lang='grc' dir='ltr'><strong><em>τεκαὶ</em></strong></span> <span class='ocrx_word' id='word_1_220' title='bbox 426 2805 545 2881; x_wconf 81' lang='grc' dir='ltr'><strong><em>σχῆμα·</em></strong></span> <span class='ocrx_word' id='word_1_221' title='bbox 573 2796 651 2862; x_wconf 79' lang='grc' dir='ltr'><strong><em>ἀλλὰ</em></strong></span> <span class='ocrx_word' id='word_1_222' title='bbox 668 2803 720 2861; x_wconf 88' lang='grc' dir='ltr'>νῦν</span> <span class='ocrx_word' id='word_1_223' title='bbox 736 2795 844 2862; x_wconf 83' lang='grc' dir='ltr'><strong><em>οῦκίτι.</em></strong></span> <span class='ocrx_word' id='word_1_224' title='bbox 894 2803 1014 2882; x_wconf 80' lang='grc' dir='ltr'><strong><em>πρῶτος</em></strong></span> <span class='ocrx_word' id='word_1_225' title='bbox 1028 2796 1085 2879; x_wconf 71' lang='grc' dir='ltr'>μὲν</span> <span class='ocrx_word' id='word_1_226' title='bbox 1096 2797 1156 2882; x_wconf 82' lang='grc' dir='ltr'>γὰρ</span> <span class='ocrx_word' id='word_1_227' title='bbox 1172 2795 1405 2884; x_wconf 81' lang='grc' dir='ltr'><strong><em>Θελαφάλιισαρ</em></strong></span> 
     </span>
     <span class='ocr_line' id='line_1_25' title="bbox 310 2895 1406 2987; baseline -0.003 -21"><span class='ocrx_word' id='word_1_228' title='bbox 310 2895 504 2987; x_wconf 81' lang='grc' dir='ltr'><strong><em>ἀορυάλωτον</em></strong></span> <span class='ocrx_word' id='word_1_229' title='bbox 519 2895 609 2982; x_wconf 75' lang='grc' dir='ltr'><strong><em>ἔλαβε</em></strong></span> <span class='ocrx_word' id='word_1_230' title='bbox 625 2905 687 2964; x_wconf 85' lang='grc' dir='ltr'>τῶν</span> <span class='ocrx_word' id='word_1_231' title='bbox 701 2901 775 2964; x_wconf 75' lang='grc' dir='ltr'><strong><em>δίκα</em></strong></span> <span class='ocrx_word' id='word_1_232' title='bbox 791 2903 898 2986; x_wconf 70' lang='grc' dir='ltr'><strong><em>φυλαῖν</em></strong></span> <span class='ocrx_word' id='word_1_233' title='bbox 910 2898 944 2966; x_wconf 82' lang='grc' dir='ltr'><strong><em>τὸ</em></strong></span> <span class='ocrx_word' id='word_1_234' title='bbox 957 2906 1096 2969; x_wconf 79' lang='grc' dir='ltr'><strong><em>πλεῖστον</em></strong></span> <span class='ocrx_word' id='word_1_235' title='bbox 1099 2947 1111 2980; x_wconf 91' lang='grc'><strong><em>,</em></strong></span> <span class='ocrx_word' id='word_1_236' title='bbox 1136 2897 1276 2986; x_wconf 81' lang='grc' dir='ltr'><strong><em>ὁεῦτερος</em></strong></span> <span class='ocrx_word' id='word_1_237' title='bbox 1288 2900 1323 2964; x_wconf 75' lang='grc' dir='ltr'>δὲ</span> <span class='ocrx_word' id='word_1_238' title='bbox 1336 2902 1406 2963; x_wconf 81' lang='grc' dir='ltr'>Σα-</span> 
     </span>
    </p>
   </div>
   <div class='ocr_carea' id='block_1_3' title="bbox 235 3057 1562 4375">
    <p class='ocr_par' dir='ltr' id='par_1_6' title="bbox 308 3036 1562 3186">
     <span class='ocr_line' id='line_1_26' title="bbox 308 3057 1409 3130; baseline -0.001 -15"><span class='ocrx_word' id='word_1_239' title='bbox 308 3057 429 3115; x_wconf 73' lang='lat' dir='ltr'><strong>adstricti</strong></span> <span class='ocrx_word' id='word_1_240' title='bbox 454 3074 569 3112; x_wconf 87' lang='lat' dir='ltr'>errorem</span> <span class='ocrx_word' id='word_1_241' title='bbox 586 3057 620 3112; x_wconf 92' lang='lat' dir='ltr'>de</span> <span class='ocrx_word' id='word_1_242' title='bbox 636 3057 724 3114; x_wconf 88' lang='lat' dir='ltr'>multis</span> <span class='ocrx_word' id='word_1_243' title='bbox 740 3057 792 3112; x_wconf 88' lang='lat' dir='ltr'>diis</span> <span class='ocrx_word' id='word_1_244' title='bbox 809 3058 936 3114; x_wconf 84' lang='lat' dir='ltr'>vitarent.</span> <span class='ocrx_word' id='word_1_245' title='bbox 971 3061 1096 3130; x_wconf 74' lang='lat' dir='ltr'>sicergo</span> <span class='ocrx_word' id='word_1_246' title='bbox 1118 3059 1409 3116; x_wconf 84' lang='lat' dir='ltr'>denseesobanimi</span> 
     </span>
    </p>

    <p class='ocr_par' dir='ltr' id='par_1_7' title="bbox 309 3125 1407 3199">
     <span class='ocr_line' id='line_1_27' title="bbox 309 3125 1407 3199; baseline 0 -15"><span class='ocrx_word' id='word_1_247' title='bbox 309 3125 511 3184; x_wconf 77' lang='lat' dir='ltr'>obstinationem</span> <span class='ocrx_word' id='word_1_248' title='bbox 529 3127 664 3196; x_wconf 80' lang='lat' dir='ltr'>devinxit,</span> <span class='ocrx_word' id='word_1_249' title='bbox 681 3137 710 3181; x_wconf 89' lang='lat' dir='ltr'>nt</span> <span class='ocrx_word' id='word_1_250' title='bbox 727 3128 866 3182; x_wconf 83' lang='lat' dir='ltr'>sacrificiis</span> <span class='ocrx_word' id='word_1_251' title='bbox 881 3129 956 3183; x_wconf 77' lang='lat' dir='ltr'>feriis</span> <span class='ocrx_word' id='word_1_252' title='bbox 972 3129 1134 3184; x_wconf 72' lang='lat' dir='ltr'>castimoniis</span> <span class='ocrx_word' id='word_1_253' title='bbox 1149 3129 1263 3199; x_wconf 85' lang='lat' dir='ltr'>aliisque</span> <span class='ocrx_word' id='word_1_254' title='bbox 1275 3129 1303 3182; x_wconf 90' lang='lat' dir='ltr'>id</span> <span class='ocrx_word' id='word_1_255' title='bbox 1319 3147 1407 3198; x_wconf 73' lang='lat' dir='ltr'>genas</span> 
     </span>
    </p>

    <p class='ocr_par' dir='ltr' id='par_1_8' title="bbox 309 3196 1408 3284">
     <span class='ocr_line' id='line_1_28' title="bbox 309 3196 1408 3284; baseline 0 -30"><span class='ocrx_word' id='word_1_256' title='bbox 309 3196 482 3280; x_wconf 61' lang='lat' dir='ltr'>caeremoniis</span> <span class='ocrx_word' id='word_1_257' title='bbox 498 3197 670 3280; x_wconf 77' lang='lat' dir='ltr'>observandis</span> <span class='ocrx_word' id='word_1_258' title='bbox 687 3196 732 3250; x_wconf 90' lang='lat' dir='ltr'>dei</span> <span class='ocrx_word' id='word_1_259' title='bbox 749 3199 898 3280; x_wconf 76' lang='lat' dir='ltr'>memoriam</span> <span class='ocrx_word' id='word_1_260' title='bbox 907 3199 1070 3284; x_wconf 70' lang='lat' dir='ltr'>retinerent,</span> <span class='ocrx_word' id='word_1_261' title='bbox 1091 3198 1137 3270; x_wconf 89' lang='lat' dir='ltr'>qui</span> <span class='ocrx_word' id='word_1_262' title='bbox 1155 3203 1243 3253; x_wconf 78' lang='lat' dir='ltr'>onnia</span> <span class='ocrx_word' id='word_1_263' title='bbox 1256 3199 1310 3253; x_wconf 79' lang='lat' dir='ltr'>iste</span> <span class='ocrx_word' id='word_1_264' title='bbox 1324 3217 1408 3270; x_wconf 82' lang='lat' dir='ltr'>prae·</span> 
     </span>
    </p>

    <p class='ocr_par' dir='ltr' id='par_1_9' title="bbox 310 3267 1410 3408">
     <span class='ocr_line' id='line_1_29' title="bbox 310 3267 1410 3408; baseline 0 -16"><span class='ocrx_word' id='word_1_265' title='bbox 310 3267 762 3405; x_wconf 57' lang='lat' dir='ltr'>ttllttlgttttltttt&#39;ttt&#39;</span> <span class='ocrx_word' id='word_1_266' title='bbox 776 3268 1410 3408; x_wconf 59' lang='grc' dir='ltr'><strong><em>,λ’ἴοηλλίῦλλΐθλλλῗλλῗλ</em></strong></span> 
     </span>
    </p>

    <p class='ocr_par' dir='ltr' id='par_1_10' title="bbox 310 3405 1408 3476">
     <span class='ocr_line' id='line_1_30' title="bbox 310 3405 1408 3476; baseline 0 -16"><span class='ocrx_word' id='word_1_267' title='bbox 310 3405 453 3460; x_wconf 76' lang='lat' dir='ltr'>identidem</span> <span class='ocrx_word' id='word_1_268' title='bbox 470 3406 513 3459; x_wconf 85' lang='lat' dir='ltr'>dei</span> <span class='ocrx_word' id='word_1_269' title='bbox 531 3405 764 3472; x_wconf 71' lang='lat' dir='ltr'>obliviscerentur,</span> <span class='ocrx_word' id='word_1_270' title='bbox 783 3407 975 3476; x_wconf 77' lang='lat' dir='ltr'>deviantesque</span> <span class='ocrx_word' id='word_1_271' title='bbox 990 3425 1007 3461; x_wconf 89' lang='lat' dir='ltr'>e</span> <span class='ocrx_word' id='word_1_272' title='bbox 1023 3415 1096 3460; x_wconf 84' lang='lat' dir='ltr'>recto</span> <span class='ocrx_word' id='word_1_273' title='bbox 1113 3407 1241 3460; x_wconf 81' lang='lat' dir='ltr'>erectoris</span> <span class='ocrx_word' id='word_1_274' title='bbox 1257 3405 1316 3460; x_wconf 88' lang='grc' dir='ltr'><strong><em>Ιοοο</em></strong></span> <span class='ocrx_word' id='word_1_275' title='bbox 1327 3423 1408 3460; x_wconf 82' lang='lat' dir='ltr'>cres-</span> 
     </span>
    </p>

    <p class='ocr_par' dir='ltr' id='par_1_11' title="bbox 310 3474 1409 3546">
     <span class='ocr_line' id='line_1_31' title="bbox 310 3474 1409 3546; baseline 0 -16"><span class='ocrx_word' id='word_1_276' title='bbox 310 3484 394 3530; x_wconf 88' lang='lat' dir='ltr'>turam</span> <span class='ocrx_word' id='word_1_277' title='bbox 416 3475 565 3528; x_wconf 75' lang='lat' dir='ltr'>adorarent.</span> <span class='ocrx_word' id='word_1_278' title='bbox 600 3475 691 3546; x_wconf 87' lang='lat' dir='ltr'>itaque</span> <span class='ocrx_word' id='word_1_279' title='bbox 708 3475 773 3529; x_wconf 86' lang='lat' dir='ltr'>alias</span> <span class='ocrx_word' id='word_1_280' title='bbox 790 3474 900 3529; x_wconf 86' lang='lat' dir='ltr'>vitulum</span> <span class='ocrx_word' id='word_1_281' title='bbox 942 3475 980 3529; x_wconf 91' lang='lat' dir='ltr'>uti</span> <span class='ocrx_word' id='word_1_282' title='bbox 999 3476 1127 3544; x_wconf 82' lang='lat' dir='ltr'>diximus,</span> <span class='ocrx_word' id='word_1_283' title='bbox 1146 3477 1314 3543; x_wconf 56' lang='lat' dir='ltr'>&#39;condamm</span> <span class='ocrx_word' id='word_1_284' title='bbox 1338 3475 1409 3530; x_wconf 81' lang='lat' dir='ltr'>alias</span> 
     </span>
    </p>

    <p class='ocr_par' dir='ltr' id='par_1_12' title="bbox 310 3514 1410 3614">
     <span class='ocr_line' id='line_1_32' title="bbox 310 3514 1410 3614; baseline 0.003 -18"><span class='ocrx_word' id='word_1_285' title='bbox 310 3543 486 3614; x_wconf 78' lang='lat' dir='ltr'>Beelphegori</span> <span class='ocrx_word' id='word_1_286' title='bbox 519 3544 715 3614; x_wconf 82' lang='lat' dir='ltr'>supplicarunt,</span> <span class='ocrx_word' id='word_1_287' title='bbox 749 3543 815 3597; x_wconf 84' lang='lat' dir='ltr'>alies</span> <span class='ocrx_word' id='word_1_288' title='bbox 849 3514 925 3598; x_wconf 84' lang='lat' dir='ltr'>Bssli</span> <span class='ocrx_word' id='word_1_289' title='bbox 957 3544 1087 3599; x_wconf 82' lang='lat' dir='ltr'>Clamoso</span> <span class='ocrx_word' id='word_1_290' title='bbox 1121 3545 1249 3600; x_wconf 82' lang='lat' dir='ltr'>Sidoniae</span> <span class='ocrx_word' id='word_1_291' title='bbox 1280 3547 1410 3599; x_wconf 69' lang='lat' dir='ltr'>meme</span> 
     </span>
    </p>

    <p class='ocr_par' dir='ltr' id='par_1_13' title="bbox 310 3611 1410 3682">
     <span class='ocr_line' id='line_1_33' title="bbox 310 3611 1410 3682; baseline 0 -14"><span class='ocrx_word' id='word_1_292' title='bbox 310 3611 447 3679; x_wconf 86' lang='lat' dir='ltr'>lllolocho,</span> <span class='ocrx_word' id='word_1_293' title='bbox 467 3613 531 3666; x_wconf 83' lang='lat' dir='ltr'>alias</span> <span class='ocrx_word' id='word_1_294' title='bbox 548 3613 598 3666; x_wconf 89' lang='lat' dir='ltr'>soli</span> <span class='ocrx_word' id='word_1_295' title='bbox 614 3613 691 3666; x_wconf 85' lang='lat' dir='ltr'>lunse</span> <span class='ocrx_word' id='word_1_296' title='bbox 708 3622 736 3666; x_wconf 88' lang='lat' dir='ltr'>ct</span> <span class='ocrx_word' id='word_1_297' title='bbox 752 3613 849 3679; x_wconf 87' lang='lat' dir='ltr'>stellis,</span> <span class='ocrx_word' id='word_1_298' title='bbox 866 3631 935 3682; x_wconf 83' lang='lat' dir='ltr'>quae</span> <span class='ocrx_word' id='word_1_299' title='bbox 951 3614 1017 3668; x_wconf 89' lang='lat' dir='ltr'>deus</span> <span class='ocrx_word' id='word_1_300' title='bbox 1034 3631 1087 3668; x_wconf 90' lang='lat' dir='ltr'>non</span> <span class='ocrx_word' id='word_1_301' title='bbox 1103 3622 1133 3668; x_wconf 90' lang='lat' dir='ltr'>ut</span> <span class='ocrx_word' id='word_1_302' title='bbox 1148 3614 1299 3668; x_wconf 83' lang='lat' dir='ltr'>colerentur</span> <span class='ocrx_word' id='word_1_303' title='bbox 1312 3615 1361 3668; x_wconf 90' lang='lat' dir='ltr'>sed</span> <span class='ocrx_word' id='word_1_304' title='bbox 1375 3620 1410 3668; x_wconf 86' lang='lat' dir='ltr'>ut</span> 
     </span>
    </p>

    <p class='ocr_par' dir='ltr' id='par_1_14' title="bbox 310 3681 1412 3752">
     <span class='ocr_line' id='line_1_34' title="bbox 310 3681 1412 3752; baseline 0.004 -17"><span class='ocrx_word' id='word_1_305' title='bbox 310 3681 397 3735; x_wconf 88' lang='lat' dir='ltr'>lumen</span> <span class='ocrx_word' id='word_1_306' title='bbox 414 3685 573 3752; x_wconf 85' lang='lat' dir='ltr'>praeberent</span> <span class='ocrx_word' id='word_1_307' title='bbox 594 3681 742 3736; x_wconf 87' lang='lat' dir='ltr'>hominibus</span> <span class='ocrx_word' id='word_1_308' title='bbox 758 3693 908 3747; x_wconf 69' lang='lat' dir='ltr'>creaverate</span> <span class='ocrx_word' id='word_1_309' title='bbox 933 3683 999 3737; x_wconf 83' lang='lat' dir='ltr'>alias</span> <span class='ocrx_word' id='word_1_310' title='bbox 1017 3685 1096 3737; x_wconf 80' lang='lat' dir='ltr'>brata</span> <span class='ocrx_word' id='word_1_311' title='bbox 1111 3683 1255 3738; x_wconf 73' lang='lat' dir='ltr'>ani-entia</span> <span class='ocrx_word' id='word_1_312' title='bbox 1270 3682 1341 3736; x_wconf 83' lang='lat' dir='ltr'>cultu</span> <span class='ocrx_word' id='word_1_313' title='bbox 1363 3683 1412 3739; x_wconf 86' lang='lat' dir='ltr'>dei</span> 
     </span>
    </p>

    <p class='ocr_par' dir='ltr' id='par_1_15' title="bbox 309 3750 1411 3834">
     <span class='ocr_line' id='line_1_35' title="bbox 309 3750 1411 3834; baseline 0 -29"><span class='ocrx_word' id='word_1_314' title='bbox 309 3752 471 3818; x_wconf 77' lang='lat' dir='ltr'>affecerunt,</span> <span class='ocrx_word' id='word_1_315' title='bbox 495 3750 567 3803; x_wconf 90' lang='lat' dir='ltr'>utin</span> <span class='ocrx_word' id='word_1_316' title='bbox 585 3753 707 3821; x_wconf 76' lang='lat' dir='ltr'>Aegypte</span> <span class='ocrx_word' id='word_1_317' title='bbox 724 3751 794 3834; x_wconf 81' lang='lat' dir='ltr'>Apin</span> <span class='ocrx_word' id='word_1_318' title='bbox 812 3754 904 3804; x_wconf 86' lang='lat' dir='ltr'>bovem</span> <span class='ocrx_word' id='word_1_319' title='bbox 919 3759 948 3806; x_wconf 87' lang='lat' dir='ltr'>et</span> <span class='ocrx_word' id='word_1_320' title='bbox 964 3753 1063 3806; x_wconf 83' lang='lat' dir='ltr'>hircum</span> <span class='ocrx_word' id='word_1_321' title='bbox 1080 3753 1258 3822; x_wconf 68' lang='lat' dir='ltr'>Mendesium,</span> <span class='ocrx_word' id='word_1_322' title='bbox 1278 3752 1345 3805; x_wconf 83' lang='lat' dir='ltr'>elias</span> <span class='ocrx_word' id='word_1_323' title='bbox 1362 3769 1411 3805; x_wconf 80' lang='lat' dir='ltr'>er-</span> 
     </span>
    </p>

    <p class='ocr_par' dir='ltr' id='par_1_16' title="bbox 309 3821 1410 3904">
     <span class='ocr_line' id='line_1_36' title="bbox 309 3821 1410 3904; baseline 0.002 -31"><span class='ocrx_word' id='word_1_324' title='bbox 309 3829 422 3888; x_wconf 81' lang='lat' dir='ltr'>genteos</span> <span class='ocrx_word' id='word_1_325' title='bbox 439 3829 467 3874; x_wconf 91' lang='lat' dir='ltr'>et</span> <span class='ocrx_word' id='word_1_326' title='bbox 482 3836 577 3873; x_wconf 87' lang='lat' dir='ltr'>aureos</span> <span class='ocrx_word' id='word_1_327' title='bbox 599 3821 676 3886; x_wconf 88' lang='lat' dir='ltr'>deos,</span> <span class='ocrx_word' id='word_1_328' title='bbox 705 3828 733 3872; x_wconf 90' lang='lat' dir='ltr'>ut</span> <span class='ocrx_word' id='word_1_329' title='bbox 749 3837 777 3872; x_wconf 83' lang='lat' dir='ltr'>an</span> <span class='ocrx_word' id='word_1_330' title='bbox 794 3821 902 3873; x_wconf 84' lang='lat' dir='ltr'>Iudaea.</span> <span class='ocrx_word' id='word_1_331' title='bbox 937 3839 994 3874; x_wconf 86' lang='lat' dir='ltr'>eam</span> <span class='ocrx_word' id='word_1_332' title='bbox 1012 3823 1118 3874; x_wconf 84' lang='lat' dir='ltr'>obrem</span> <span class='ocrx_word' id='word_1_333' title='bbox 1135 3822 1326 3904; x_wconf 84' lang='lat' dir='ltr'>perspicueiis</span> <span class='ocrx_word' id='word_1_334' title='bbox 1341 3823 1410 3875; x_wconf 85' lang='lat' dir='ltr'>deus</span> 
     </span>
    </p>

    <p class='ocr_par' dir='ltr' id='par_1_17' title="bbox 311 3883 1411 3959">
     <span class='ocr_line' id='line_1_37' title="bbox 311 3883 1411 3959; baseline 0.003 -18"><span class='ocrx_word' id='word_1_335' title='bbox 311 3904 378 3942; x_wconf 84' lang='lat' dir='ltr'>voce</span> <span class='ocrx_word' id='word_1_336' title='bbox 400 3888 468 3942; x_wconf 81' lang='lat' dir='ltr'>vatis</span> <span class='ocrx_word' id='word_1_337' title='bbox 490 3888 532 3943; x_wconf 87' lang='lat' dir='ltr'>sui</span> <span class='ocrx_word' id='word_1_338' title='bbox 554 3889 594 3942; x_wconf 78' lang='lat' dir='ltr'>ite</span> <span class='ocrx_word' id='word_1_339' title='bbox 610 3889 734 3943; x_wconf 71' lang='lat' dir='ltr'>minuturi</span> <span class='ocrx_word' id='word_1_340' title='bbox 767 3883 912 3959; x_wconf 80' lang='lat' dir='ltr'>“parumne</span> <span class='ocrx_word' id='word_1_341' title='bbox 937 3890 988 3942; x_wconf 80' lang='lat' dir='ltr'>lucc</span> <span class='ocrx_word' id='word_1_342' title='bbox 1011 3891 1125 3944; x_wconf 86' lang='lat' dir='ltr'>Iudaeae</span> <span class='ocrx_word' id='word_1_343' title='bbox 1148 3891 1265 3944; x_wconf 78' lang='lat' dir='ltr'>famuliae</span> <span class='ocrx_word' id='word_1_344' title='bbox 1288 3890 1411 3958; x_wconf 83' lang='lat' dir='ltr'>ridetur,</span> 
     </span>
    </p>

    <p class='ocr_par' dir='ltr' id='par_1_18' title="bbox 311 3951 1562 4031">
     <span class='ocr_line' id='line_1_38' title="bbox 311 3951 1562 4030; baseline 0.002 -20"><span class='ocrx_word' id='word_1_345' title='bbox 311 3959 382 4026; x_wconf 87' lang='lat' dir='ltr'>quod</span> <span class='ocrx_word' id='word_1_346' title='bbox 401 3966 454 4011; x_wconf 67' lang='lat' dir='ltr'>um</span> <span class='ocrx_word' id='word_1_347' title='bbox 472 3958 552 4011; x_wconf 90' lang='lat' dir='ltr'>multa</span> <span class='ocrx_word' id='word_1_348' title='bbox 573 3957 746 4012; x_wconf 88' lang='lat' dir='ltr'>abominanda</span> <span class='ocrx_word' id='word_1_349' title='bbox 763 3959 884 4011; x_wconf 81' lang='lat' dir='ltr'>lecerunt</span> <span class='ocrx_word' id='word_1_350' title='bbox 899 3967 1048 4028; x_wconf 88' lang='lat' dir='ltr'>terramque</span> <span class='ocrx_word' id='word_1_351' title='bbox 1069 3958 1212 4030; x_wconf 62' lang='lat' dir='ltr'>impietatis</span> <span class='ocrx_word' id='word_1_352' title='bbox 1227 3957 1412 4030; x_wconf 68' lang='lat' dir='ltr'>repleverunt,</span> <span class='ocrx_word' id='word_1_353' title='bbox 1561 3951 1562 4006; x_wconf 80' lang='lat' dir='ltr'>l</span> 
     </span>
    </p>

    <p class='ocr_par' dir='ltr' id='par_1_19' title="bbox 235 4021 1562 4168">
     <span class='ocr_line' id='line_1_39' title="bbox 311 4021 1562 4110; baseline 0.004 -32"><span class='ocrx_word' id='word_1_354' title='bbox 311 4035 341 4078; x_wconf 86' lang='lat' dir='ltr'>ut</span> <span class='ocrx_word' id='word_1_355' title='bbox 357 4043 398 4079; x_wconf 85' lang='lat' dir='ltr'>rue</span> <span class='ocrx_word' id='word_1_356' title='bbox 413 4021 594 4080; x_wconf 78' lang='lat' dir='ltr'>irritarenti”</span> <span class='ocrx_word' id='word_1_357' title='bbox 628 4027 723 4080; x_wconf 86' lang='lat' dir='ltr'>meritc</span> <span class='ocrx_word' id='word_1_358' title='bbox 740 4025 822 4110; x_wconf 61' lang='lat' dir='ltr'>igitur</span> <span class='ocrx_word' id='word_1_359' title='bbox 845 4027 928 4081; x_wconf 84' lang='lat' dir='ltr'>excisi</span> <span class='ocrx_word' id='word_1_360' title='bbox 950 4036 1026 4096; x_wconf 90' lang='lat' dir='ltr'>sunt,</span> <span class='ocrx_word' id='word_1_361' title='bbox 1047 4045 1104 4082; x_wconf 88' lang='lat' dir='ltr'>cum</span> <span class='ocrx_word' id='word_1_362' title='bbox 1124 4028 1169 4083; x_wconf 79' lang='lat' dir='ltr'>dei</span> <span class='ocrx_word' id='word_1_363' title='bbox 1187 4027 1254 4082; x_wconf 86' lang='lat' dir='ltr'>iram</span> <span class='ocrx_word' id='word_1_364' title='bbox 1326 4045 1411 4082; x_wconf 76' lang='lat' dir='ltr'>reca-</span> <span class='ocrx_word' id='word_1_365' title='bbox 1561 4041 1562 4054; x_wconf 65' lang='lat'>¹</span> 
     </span>
     <span class='ocr_line' id='line_1_40' title="bbox 235 4095 1410 4168; baseline 0.009 -26"><span class='ocrx_word' id='word_1_366' title='bbox 235 4117 243 4142; x_wconf 82' lang='grc' dir='ltr'><strong><em>ι</em></strong></span> <span class='ocrx_word' id='word_1_367' title='bbox 310 4104 373 4148; x_wconf 88' lang='lat' dir='ltr'>rent</span> <span class='ocrx_word' id='word_1_368' title='bbox 391 4113 543 4165; x_wconf 84' lang='lat' dir='ltr'>sacramque</span> <span class='ocrx_word' id='word_1_369' title='bbox 563 4104 659 4148; x_wconf 87' lang='lat' dir='ltr'>terram</span> <span class='ocrx_word' id='word_1_370' title='bbox 679 4098 712 4149; x_wconf 84' lang='lat' dir='ltr'>eb</span> <span class='ocrx_word' id='word_1_371' title='bbox 730 4095 807 4150; x_wconf 77' lang='lat' dir='ltr'>initio</span> <span class='ocrx_word' id='word_1_372' title='bbox 824 4096 970 4166; x_wconf 85' lang='lat' dir='ltr'>polluerent</span> <span class='ocrx_word' id='word_1_373' title='bbox 991 4098 1133 4151; x_wconf 80' lang='lat' dir='ltr'>identidem</span> <span class='ocrx_word' id='word_1_374' title='bbox 1149 4114 1235 4168; x_wconf 82' lang='lat' dir='ltr'>usque</span> <span class='ocrx_word' id='word_1_375' title='bbox 1250 4116 1268 4151; x_wconf 90' lang='lat' dir='ltr'>a</span> <span class='ocrx_word' id='word_1_376' title='bbox 1301 4106 1410 4168; x_wconf 62' lang='lat' dir='ltr'>posme-</span> 
     </span>
    </p>

    <p class='ocr_par' dir='ltr' id='par_1_20' title="bbox 310 4163 1410 4236">
     <span class='ocr_line' id='line_1_41' title="bbox 310 4163 1410 4236; baseline 0.005 -22"><span class='ocrx_word' id='word_1_377' title='bbox 310 4179 377 4215; x_wconf 85' lang='lat' dir='ltr'>mum</span> <span class='ocrx_word' id='word_1_378' title='bbox 400 4163 463 4218; x_wconf 89' lang='lat' dir='ltr'>illud</span> <span class='ocrx_word' id='word_1_379' title='bbox 483 4179 562 4218; x_wconf 87' lang='lat' dir='ltr'>sunm·</span> <span class='ocrx_word' id='word_1_380' title='bbox 578 4167 628 4218; x_wconf 84' lang='lat' dir='ltr'>sub</span> <span class='ocrx_word' id='word_1_381' title='bbox 646 4165 811 4233; x_wconf 82' lang='lat' dir='ltr'>Vespasiano</span> <span class='ocrx_word' id='word_1_382' title='bbox 828 4174 856 4219; x_wconf 93' lang='lat' dir='ltr'>et</span> <span class='ocrx_word' id='word_1_383' title='bbox 872 4167 937 4218; x_wconf 81' lang='lat' dir='ltr'>&#39;l&#39;ito</span> <span class='ocrx_word' id='word_1_384' title='bbox 955 4167 1095 4220; x_wconf 83' lang='lat' dir='ltr'>excidium.</span> <span class='ocrx_word' id='word_1_385' title='bbox 1120 4177 1187 4219; x_wconf 84' lang='lat' dir='ltr'>&#39;cum</span> <span class='ocrx_word' id='word_1_386' title='bbox 1209 4167 1296 4234; x_wconf 89' lang='lat' dir='ltr'>enim,</span> <span class='ocrx_word' id='word_1_387' title='bbox 1319 4167 1410 4236; x_wconf 86' lang='lat' dir='ltr'>inquit</span> 
     </span>
    </p>

    <p class='ocr_par' dir='ltr' id='par_1_21' title="bbox 310 4231 1408 4306">
     <span class='ocr_line' id='line_1_42' title="bbox 310 4231 1408 4306; baseline 0.005 -25"><span class='ocrx_word' id='word_1_388' title='bbox 310 4231 503 4303; x_wconf 83' lang='lat' dir='ltr'>Theodoretus,</span> <span class='ocrx_word' id='word_1_389' title='bbox 522 4234 622 4287; x_wconf 86' lang='lat' dir='ltr'>diversi</span> <span class='ocrx_word' id='word_1_390' title='bbox 635 4233 821 4302; x_wconf 82' lang='lat' dir='ltr'>Hierosolyma</span> <span class='ocrx_word' id='word_1_391' title='bbox 831 4235 965 4304; x_wconf 82' lang='lat' dir='ltr'>cepissent</span> <span class='ocrx_word' id='word_1_392' title='bbox 980 4245 1060 4304; x_wconf 88' lang='lat' dir='ltr'>atque</span> <span class='ocrx_word' id='word_1_393' title='bbox 1075 4237 1285 4302; x_wconf 83' lang='lat' dir='ltr'>destruxissent,</span> <span class='ocrx_word' id='word_1_394' title='bbox 1299 4253 1408 4306; x_wconf 83' lang='lat' dir='ltr'>semper</span> 
     </span>
    </p>

    <p class='ocr_par' dir='ltr' id='par_1_22' title="bbox 311 4299 1407 4375">
     <span class='ocr_line' id='line_1_43' title="bbox 311 4299 1407 4375; baseline 0.006 -24"><span class='ocrx_word' id='word_1_395' title='bbox 311 4317 342 4351; x_wconf 86' lang='lat' dir='ltr'>ea</span> <span class='ocrx_word' id='word_1_396' title='bbox 360 4299 486 4368; x_wconf 87' lang='lat' dir='ltr'>pristinae</span> <span class='ocrx_word' id='word_1_397' title='bbox 502 4303 625 4372; x_wconf 77' lang='lat' dir='ltr'>dignitati</span> <span class='ocrx_word' id='word_1_398' title='bbox 642 4311 684 4356; x_wconf 89' lang='lat' dir='ltr'>est</span> <span class='ocrx_word' id='word_1_399' title='bbox 700 4309 780 4371; x_wconf 84' lang='lat' dir='ltr'>etque</span> <span class='ocrx_word' id='word_1_400' title='bbox 796 4305 896 4357; x_wconf 73' lang='lat' dir='ltr'>formae</span> <span class='ocrx_word' id='word_1_401' title='bbox 912 4304 1050 4370; x_wconf 81' lang='lat' dir='ltr'>restituta,</span> <span class='ocrx_word' id='word_1_402' title='bbox 1071 4305 1177 4374; x_wconf 83' lang='lat' dir='ltr'>dempto</span> <span class='ocrx_word' id='word_1_403' title='bbox 1199 4315 1332 4375; x_wconf 85' lang='lat' dir='ltr'>postremo</span> <span class='ocrx_word' id='word_1_404' title='bbox 1354 4322 1407 4358; x_wconf 81' lang='lat' dir='ltr'>ex·</span> 
     </span>
    </p>
   </div>
   <div class='ocr_carea' id='block_1_4' title="bbox 309 4367 1408 4446">
    <p class='ocr_par' dir='ltr' id='par_1_23' title="bbox 309 4367 1408 4446">
     <span class='ocr_line' id='line_1_44' title="bbox 309 4367 1408 4446; baseline 0.015 -26"><span class='ocrx_word' id='word_1_405' title='bbox 309 4367 390 4420; x_wconf 87' lang='lat' dir='ltr'>cidlo.</span> <span class='ocrx_word' id='word_1_406' title='bbox 424 4369 523 4436; x_wconf 88' lang='lat' dir='ltr'>prinus</span> <span class='ocrx_word' id='word_1_407' title='bbox 546 4369 754 4444; x_wconf 81' lang='lat' dir='ltr'>Thelsphelasar</span> <span class='ocrx_word' id='word_1_408' title='bbox 776 4373 901 4427; x_wconf 82' lang='lat' dir='ltr'>maiorem</span> <span class='ocrx_word' id='word_1_409' title='bbox 917 4375 1009 4428; x_wconf 88' lang='lat' dir='ltr'>decem</span> <span class='ocrx_word' id='word_1_410' title='bbox 1024 4374 1140 4429; x_wconf 85' lang='lat' dir='ltr'>tribuam</span> <span class='ocrx_word' id='word_1_411' title='bbox 1154 4381 1255 4446; x_wconf 75' lang='lat' dir='ltr'>panem</span> <span class='ocrx_word' id='word_1_412' title='bbox 1271 4375 1408 4445; x_wconf 65' lang='lat' dir='ltr'>captim</span> 
     </span>
    </p>
   </div>
   <div class='ocr_carea' id='block_1_5' title="bbox 0 0 1572 4809">
    <p class='ocr_par' dir='ltr' id='par_1_24' title="bbox 0 0 1572 4809">
     <span class='ocr_line' id='line_1_45' title="bbox 0 0 1572 4809; baseline 0 0"><span class='ocrx_word' id='word_1_413' title='bbox 0 0 1572 4809; x_wconf 95' lang='lat' dir='ltr'> </span> 
     </span>
    </p>
   </div>
  </div>
 </body>
</html>
