3134 4809
434 379 730 450 msuomuuuur
754 381 1044 451 couuuuulum.
1218 383 1289 454 10¹5

194 549 385 639 παραβολῆν.
442 554 493 618 καλ
516 549 728 636 nutriverim
751 551 808 635 τὴν
830 555 1009 640 παραβολὴν
1034 553 1144 639 συνίβη·
1168 551 1289 633 αδτοΐς·

195 663 314 738 πνεῦμα
330 657 390 740 γὰρ
409 659 513 742 κυρίου
528 654 710 743 συνετάραξε
724 656 797 732 τοδς
810 654 1049 736 βασιλεύσαντας
1067 659 1177 738 αὐτῶν,
1201 662 1250 722 καλ
1267 655 1288 742 ἢ

195 759 336 844 ῥομφαία
352 759 510 841 Ἄβιμίλεχ
528 761 689 844 ἐνεργοῦσοι
704 757 774 824 κατ’
792 758 892 824 αὐτῶν
897 807 908 838 ,
934 756 1018 840 καὶὴ
1035 758 1172 847 ῥομφαία
1189 761 1288 828 adrev

196 861 267 925 κατ’
291 861 393 925 αὐτοῦ.
443 865 494 926 καλ
517 860 713 947 ἐτυράννησεν
727 863 887 944 Ἀβιμέλεχ
908 860 959 946 ἐτη
974 863 1060 948 τρία,
1093 865 1142 926 καί
1164 869 1289 930 καθεῖλε

168 963 297 1040 ὅπδλεις
310 968 487 1046 Σικιμιτῶν.
537 964 579 1029 ἔτι
596 967 630 1030 δέ
642 967 715 1047 μίαν
729 971 790 1028 τῶν
806 963 923 1030 πόλεων
938 969 1107 1052 πολιορκῶν
1122 963 1291 1046 πλησιάσας

195 1072 242 1154 τῷ
252 1069 356 1148 τείχει,
382 1065 535 1150 κλάσματι
549 1065 646 1149 μάλου
661 1067 767 1151 ἔβαλεν
785 1066 878 1133 αὐτὸν
894 1066 1016 1134 droun
1030 1066 1116 1156 γυνά,
1139 1069 1190 1131 καὶ
1205 1069 1292 1136 συνέ-

195 1188 287 1255 τριψε
303 1169 338 1235 τὸ
353 1171 477 1254 κρανίον
490 1169 594 1236 αὐτοῦ.

298 1274 393 1339 Μετὰ
415 1274 450 1338 δέ
469 1273 625 1356 Ἀβιμέλεχ
648 1270 756 1355 άνίστη
780 1268 886 1351 Θδλα,
911 1275 961 1336 καὶ
981 1270 1075 1360 ἔκρινε
1094 1271 1147 1338 τὸν
1167 1272 1330 1359 ἾσραὴλΒ

197 1374 289 1440 εέίιοσι
302 1376 372 1462 τρία
386 1374 447 1459 ἐτη.
497 1380 548 1440 καὶ
569 1375 638 1459 μετ’
666 1375 759 1440 aitte
777 1375 868 1461 Ἰαεδρ
888 1370 904 1437 ὃ
921 1376 952 1438 Γ
949 1377 1115 1458 αλααδίτης
1129 1375 1180 1458 ἐτη
1199 1376 1293 1443 εἷ’κοσι

154 1487 190 1540 10
198 1476 263 1556 uto,
287 1477 321 1554 δς
337 1476 394 1562 elge
408 1477 570 1566 τριάκοντα
588 1477 677 1560 [dte]
696 1474 791 1555 υἷοάς.
843 1479 893 1542 καλ
908 1478 985 1559 μετά
1000 1484 1107 1543 τοῦτον
1126 1475 1292 1567 ἐξήμαρτεν

158 1620 162 1625 =
191 1580 316 1666 Ἰσραὴλ
338 1588 382 1668 τῷ
401 1584 512 1668 κυρίῳ,
539 1585 589 1647 καὶ
607 1580 764 1647 ἐδούλευσε
778 1591 841 1658 τοΐς
853 1586 995 1666 γλυπτοῖς
1007 1587 1068 1646 τῶν
1081 1581 1189 1647 ἐθνῶν.
1241 1585 1293 1646 καλ

195 1686 391 1749 ἐταπείνωσεν
405 1682 498 1750 αὐτὸν
516 1684 661 1766 βασιλεὺς
674 1684 785 1765 Μαιάβ
805 1687 854 1750 καὶ
872 1683 973 1766 Ἀμῶν
988 1687 1039 1748 καὶ
1054 1682 1153 1750 πάντα
1169 1684 1208 1749 τὰ
1224 1687 1293 1773 περλ

196 1784 298 1875 κάκλρι
313 1787 406 1852 αὐτοῦ
421 1787 496 1870 ἔθνη
512 1787 563 1871 ἐτη
579 1785 628 1871 ιη’.
680 1783 744 1852 εἶτα
767 1787 932 1874 ἐπέστρεψε
953 1788 1030 1874 πρδς
1053 1786 1105 1853 τδν
1129 1784 1214 1866 θεάν,
1240 1789 1292 1853 καλ

195 1896 318 1978 περιῆρε
339 1889 410 1966 τοὺς
425 1890 518 1967 θεοὺς
537 1891 609 1968 τοδς
627 1890 813 1977 ἀλλοτρίους.
863 1893 914 1956 καὶ
930 1890 1090 1974 άνέστησεν
1106 1891 1209 1968 αὐτοῖς
1224 1917 1292 1978 κρι-

157 2001 190 2058 15
198 1994 254 2077 τὴν
276 1992 328 2058 τὸν
346 1992 470 2080 Ἰεφθάε
491 1989 543 2058 τδν
563 1995 593 2056 Γ
591 1994 766 2076 αλααδίτην,
800 1993 867 2063 υἱὸν
888 1994 1029 2078 γυναικὸς
1044 1991 1174 2079 πόρνης,
1201 1992 1235 2071 ὃς
1254 1987 1291 2078 ἦν

198 2096 414 2181 ἐπηρμένοςιέν
429 2095 570 2180 δυνάμει,
596 2099 647 2162 καὶ
666 2095 794 2173 ἐπάταξε
809 2096 871 2172 ,τὸν
891 2097 1020 2178 βασιλέα
1035 2097 1145 2179 Μωάβ
1167 2100 1217 2161 καλ
1238 2097 1291 2162 τδν

197 2199 272 2264 λαδν
287 2199 382 2264 αὐτοῦ
396 2207 556 2286 κραταιῶς.
608 2190 696 2276 οδτος
709 2197 864 2287 ἐπλήρωσε
878 2199 933 2284 τὴν
951 2201 1030 2264 ἰδίαν
1046 2198 1136 2284 εὐχὴν
1151 2200 1206 2264 οὐκ
1220 2200 1291 2265 εδο-

196 2308 259 2386 ‚etc
272 2304 320 2366 ε’πὶ
333 2308 373 2388 τῇ
385 2306 517 2389 θυγατρὶ
534 2303 639 2368 αὐτοῦ.
689 2300 783 2387 ἴκρινε
808 2303 841 2367 δέ
861 2303 914 2366 τὸν
931 2301 1053 2389 Ἰσραὴλ
1068 2303 1114 2366 ἐπὶ
1130 2302 1181 2386 ἐτη
1192 2301 1226 2380 ’ἐξ
1242 2305 1294 2368 καὶ

198 2405 359 2470 ἀπίθανον.
411 2403 474 2470 εἶτα
494 2408 587 2490 κρίνει
608 2404 700 2469 αὐτὸν
718 2403 877 2486 Ἔσσεβῶν
898 2403 948 2489 ἐτη
970 2402 1335 2472 {exercitamento

155 2505 262 2580 εοείτα
275 2509 366 2594 κρίνει
382 2509 475 2574 αδτδν
487 2508 607 2593 Ἐλγιδν
622 2506 639 2573 ὅ
654 2509 890 2590 Ζαβουλωνίτης
910 2506 960 2591 ἐτη
978 2509 1050 2573 δίκα
1067 2510 1117 2572 καλ
1132 2507 1293 2574 ἀπέθανεν.

197 2609 261 2676 εἶτα
284 2613 377 2697 κρίνει
399 2611 491 2676 αὐτὸν
510 2611 629 2693 Ἀβδὼν
653 2607 670 2676 δ
694 2611 920 2697 Φαραθωνίτης
940 2609 991 2693 ἐτη
1014 2607 1108 2675 ὀκτώ·
1151 2610 1185 2686 lg
1209 2609 1294 2694 ἔσχεν

196 2713 283 2789 αδοδς
298 2713 541 2799 τεσσαράκοντα,
571 2717 621 2779 κοιλ
634 2711 797 2800 ’τριάκοντα
814 2712 900 2790 υἷοδς
912 2719 972 2780 τῶν
986 2712 1061 2778 υἱῶν
1077 2711 1181 2777 αὐτοῦ.
1232 2711 1296 2778 εἶτα

197 2813 366 2902 ἐκπορνεάει
379 2814 396 2880 δ
410 2817 484 2894 λαδς
499 2819 605 2894 ἐντοῖς
618 2815 762 2897 εέδῶλοις,
777 2817 828 2882 καλ
841 2817 1052 2902 παραδίδωσιν
1067 2815 1179 2894 αὐτοὺς
1193 2813 1296 2904 κάριος

197 2919 230 2984 ἐν
241 2922 321 3006 χειρὶ
339 2923 510 3005 Φιλιστιελμ
524 2920 575 3006 ἐτη
590 2919 825 3009 τεσσαράκοντα.
857 2917 925 2986 τότε
939 2917 1034 3008 ὤφθη
1049 2917 1173 3006 ἄγγελος
1188 2921 1295 3008 κυρίου

199 3153 309 3202 eventus
323 3165 412 3202 eorum
425 3149 577 3219 respoudit:
595 3167 674 3220 reges
692 3150 760 3203 enim
776 3147 893 3222 ipsorum
910 3149 1020 3220 spiritus
1037 3147 1135 3204 domini
1152 3150 1294 3204 conturbe-

200 3217 250 3287 πλε,
266 3218 369 3288 fuitque
385 3217 413 3271 iu
429 3217 501 3289 ipsos
518 3219 613 3273 efficax
629 3219 790 3273 Abimeleclri
803 3219 915 3287 gladius,
932 3229 959 3272 et
975 3219 1077 3287 gladius
1093 3219 1209 3286 ipsorum
1229 3234 1294 3269 con-

197 3296 242 3340 tra
256 3304 323 3340 eum.
357 3288 522 3354 tyrannidem
535 3288 717 3342 Abimeleelrus
733 3287 873 3342 triennium
890 3287 990 3352 tenuit,
1007 3288 1138 3354 urbesque
1153 3285 1295 3337 Sicemitu-

197 3372 255 3408 rum
272 3355 377 3409 euertit.
396 3373 471 3410 unam
488 3374 552 3410 vero
569 3357 654 3410 adhuc
669 3375 759 3410 eorum
776 3359 866 3409 urbem
884 3361 1078 3426 oppugnantem
1092 3368 1216 3422 muroque
1232 3354 1297 3405 sub-

197 3431 301 3546 ennqem
318 3424 431 3495 desuper
446 3428 532 3479 frusto
550 3426 633 3480 molae
648 3425 768 3479 coniecto
783 3423 877 3477 mulier
894 3421 1040 3493 percurrit,
1065 3439 1097 3474 uc
1112 3419 1253 3474 oduarium
1270 3419 1297 3476 oi

196 3511 272 3547 conr
308 3493 338 3546 ἐ.

266 3511 401 3615 ἕδδσοεεὶί
425 3561 593 3616 Αοὶιπολεοδο
617 3559 734 3629 Tholas,
764 3560 896 3629 iudexque
920 3557 1051 3614 Israelitis
1070 3559 1122 3614 suit
1145 3559 1179 3612 23
1202 3573 1296 3614 anuos·

197 3636 261 3702 post
282 3633 351 3684 huuc
374 3631 459 3684 lairus
477 3631 630 3684 Galaadites
653 3631 798 3682 ennesii.
833 3629 895 3682 huic
916 3628 965 3683 filii
990 3629 1097 3684 luerunt
1114 3631 1159 3685 30.
1194 3635 1296 3680 mortuo

196 3718 229 3754 eo
250 3717 341 3754 rursus
367 3701 444 3755 deum
470 3700 582 3769 populus
606 3699 722 3769 pereatis
748 3697 875 3766 offendit,
900 3701 1069 3753 barbarorum
1090 3695 1229 3752 simulacra
1251 3714 1296 3749 co-

196 3768 285 3822 lendo.
319 3770 410 3838 itaque
427 3786 475 3839 per
493 3787 575 3822 uuuos
594 3773 626 3825 18
643 3786 690 3821 rex
704 3767 850 3836 Moabicus‚
868 3769 1040 3839 Ammonicus,
1060 3777 1086 3821 et
1103 3784 1172 3838 quae
1184 3765 1296 3820 circum-

196 3837 320 3894 iecebant
338 3849 446 3908 gentes,
474 3855 533 3891 eum
552 3837 752 3892 diveraverunt.
788 3837 850 3892 inde
866 3856 923 3892 cum
942 3837 1035 3892 alienis
1053 3837 1104 3890 diis
1121 3833 1247 3890 submotis
1264 3835 1299 3888 ad

197 3906 329 3961 domiuum
343 3926 404 3962 sese
418 3906 602 3976 convertisset,
619 3909 643 3961 is
657 3908 696 3961 eis
713 3907 826 3961 iudicem
841 3907 969 3961 excitavit
983 3907 1120 3978 lephtham
1134 3903 1299 3958 Galaaditem

196 3985 286 4030 scorto
305 3985 404 4031 natum.
439 3976 484 4029 hic
504 3986 595 4030 auctus
611 3979 708 4031 robore
724 3977 846 4031 Moabico
864 3977 961 4060 populo
984 3985 1012 4030 et
1034 3974 1092 4044 regi
1114 3991 1220 4042 gravem
1244 3973 1300 4026 ela-

195 4047 256 4099 dem
281 4045 380 4101 intulit.
414 4045 537 4116 idemque
561 4056 650 4101 votum
673 4063 746 4099 suum
770 4063 864 4117 parurn
887 4064 932 4116 pre
955 4044 1064 4116 propria
1087 4042 1142 4096 lilia
1167 4041 1300 4096 immolate

195 4114 337 4185 persolvit.
373 4115 497 4181 excessit,
517 4133 573 4168 cum
592 4115 743 4168 sexennium
761 4132 796 4184 po
816 4115 858 4168 ulo
875 4114 1045 4185 praefuisset.
1080 4120 1142 4184 post
1158 4112 1227 4166 hune
1244 4111 1299 4165 Εε-

197 4185 282 4237 rebon
298 4187 325 4252 7,
343 4184 432 4254 llglon
449 4183 611 4238 Zabulouius
629 4187 670 4250 10,
687 4182 782 4238 Abdon
799 4135 992 4238 l’harathonius
1010 4183 1026 4236 8
1043 4199 1124 4235 annos
1160 4181 1231 4253 opali
1249 4179 1300 4233 ‹lu-

197 4269 242 4305 ces
259 4253 377 4320 fuerunt,
393 4253 505 4323 quisque
521 4271 610 4309 eorum
623 4251 712 4374 priori
727 4259 829 4308 mortuo
846 4255 982 4308 suffectus.
1016 4249 1110 4305 Abdon
1153 4250 1193 4304 ios
1209 4247 1305 4303 habuit

195 4324 232 4374 40
257 4331 370 4394 nepotes
386 4323 431 4376 30.
465 4324 607 4377 seeumluuu
642 4321 802 4393 secpopulo
819 4339 923 4378 rursum
940 4319 1084 4391 adimples
1104 4319 1299 4374 simulacrorum

196 4360 282 4446 cultus
305 4409 336 4447 se
362 4391 452 4462 dante,
474 4392 540 4448 deus
557 4409 616 4448 eum
631 4389 782 4446 Philistaeis
801 4409 849 4463 per
866 4391 901 4446 60
921 4407 1005 4446 anuos
1022 4388 1220 4464 opprimendum
1235 4401 1298 4456 per·
