3134 4809
452 1289 964 1403 suerent

617 1559 826 1573 una-*n*

174 1678 244 1789 De
257 1720 437 1807 scriptoribus
451 1716 588 1795 historiae
599 1718 768 1807 Bpnuntinue
781 1718 952 1807 publicandis
966 1744 1045 1808 spem
1063 1724 1178 1791 fecimus
1192 1726 1267 1794 edito

174 1826 278 1891 ioeuue
289 1824 490 1890 Centueuuene.
534 1842 602 1886 eece
616 1822 699 1887 iidem
712 1839 881 1910 praestamus
895 1824 1064 1891 felicioribus
1076 1829 1205 1915 auspiciis
1218 1853 1266 1893 en·

175 1927 250 2006 nixi,
279 1926 352 1993 iussu
374 1944 474 2012 nempe
496 1922 666 1989 iliustrissimi
686 1926 826 1992 Francise
846 1928 1004 1994 cancellarii
1018 1924 1093 1995 Petri
1114 1932 1265 2019 Seguierii,

176 2028 224 2116 qni
237 2040 265 2093 ut
281 2051 349 2116 opus
361 2029 417 2093 hee
432 2026 578 2115 egregium
594 2024 723 2092 ederetur
735 2050 802 2093 suae
815 2050 898 2093 curce
911 2028 985 2095 iecit.
1021 2032 1085 2119 quid
1098 2047 1189 2099 sutem
1203 2036 1268 2100 truie

178 2131 299 2196 Cedreni
315 2131 429 2196 edideni
443 2126 606 2205 secesserit,
627 2128 731 2208 leder,
752 2123 956 2195 monendus'es.
999 2132 1092 2219 piures
1105 2156 1212 2222 eesque
1228 2136 1267 2201 in-

178 2244 279 2319 gentes
296 2231 414 2297 lucense
436 2242 515 2297 erunt
537 2229 706 2296 ineditiene
728 2232 838 2317 priore,
860 2252 931 2319 quse
951 2232 1108 2300 Cedrenum
1132 2236 1270 2301 deforme·
1352 2285 1361 2298 ,

178 2332 254 2397 bunt.
296 2333 370 2400 elice
394 2334 514 2397 minores
537 2332 632 2419 plures
656 2332 774 2419 paginas
798 2346 1007 2421 occupaverunt.
1051 2359 1101 2402 ees
1119 2359 1215 2403 omnes
1233 2359 1272 2402 ex

179 2432 242 2499 aliis
255 2434 432 2523 scriptoribus
454 2435 560 2501 calamo
581 2436 703 2501 exuretis
722 2435 921 2522 supplevimus,
941 2438 1026 2503 mults
1045 2442 1214 2507 correximus
1235 2462 1273 2507 ex

178 2536 281 2603 ioenne
304 2537 425 2626 Seplitne
448 2536 630 2625 Gmupslete,
657 2535 706 2625 qui
728 2537 886 2605 Gedrenvm
904 2538 1054 2620 adsedsfci
1077 2539 1272 2627 descripserat,

179 2639 253 2704 unde
277 2639 373 2705 mirari
394 2640 466 2705 subit
491 2650 591 2727 quemn
615 2642 762 2705 securitate
775 2640 881 2705 sseenli
898 2642 940 2706 sni
954 2641 1138 2729 Curupnlntes
1155 2642 1274 2705 alienum

180 2764 249 2826 epus
262 2741 316 2807 sibi
329 2741 483 2808 vindicarit.
526 2742 618 2827 ituqne
638 2742 662 2805 si
675 2744 736 2828 quis
753 2742 951 2829 Guropslrtem
964 2744 1114 2821 desideret,
1128 2745 1198 2809 seint
1211 2765 1273 2809 enm

181 2844 302 2911 Cedreni
323 2846 430 2910 siusium
451 2864 530 2910 esse:
551 2866 614 2909 num
632 2842 746 2908 totidem
760 2842 856 2908 verbis
870 2842 1051 2931 Curepsietes
1069 2855 1183 2907 constet.
1225 2846 1274 2930 qni

180 2957 271 3011 temen
290 2968 346 3011 uon
357 2968 412 3033 per
430 2947 522 3011 omnis
541 2946 623 3011 uehis
642 2944 743 3010 inutilis
764 2943 830 3022 init,
851 2947 902 3011 sed
913 2947 1081 3033 supplendo,
1102 2959 1132 3010 nt
1145 2944 1218 3021 dixi,
1244 2956 1273 3009 et

180 3047 352 3113 emendando
369 3049 500 3113 Cedrenu
512 3046 622 3113 multum
635 3045 746 3132 prefuit.
754 3045 787 3127 ³⁹)
812 3047 938 3133 queniam
952 3060 1043 3113 sutem
1057 3060 1116 3113 tete
1128 3069 1202 3133 pene
1216 3046 1272 3111 Ge·

182 3150 269 3215 drem
283 3150 423 3238 exscripto
438 3149 621 3235 Curepcietes
642 3148 746 3233 exeipit
764 3148 814 3213 nbi
834 3149 978 3215 Cedrenm
998 3150 1113 3226 desinit,
1137 3150 1205 3215 ideo
1217 3170 1274 3213 nen

183 3254 316 3339 ingestum
336 3252 400 3318 iure
416 3252 480 3317 duxi
497 3254 522 3317 si
536 3276 596 3317 cem
610 3252 742 3317 cessem
767 3249 906 3318 ederetur.
948 3253 1066 3318 loannes
1078 3252 1203 3335 Baptista
1216 3250 1272 3314 Ge·

181 3354 246 3419 iuius
258 3354 393 3441 interpres
412 3356 473 3420 eius
493 3353 583 3419 multis
604 3355 634 3419 in
653 3352 724 3416 locis
745 3352 782 3416 eb
798 3356 918 3418 secteris
934 3352 1071 3417 sententis
1083 3350 1273 3450 abemsverst.

181 3456 211 3522 ei
227 3468 351 3542 qnmtnm
371 3454 436 3520 tisri
453 3456 541 3541 potvit
554 3454 704 3519 consultum
717 3464 760 3517 est
778 3452 945 3538 interpoletur
959 3450 1019 3515 eins
1033 3448 1173 3517 versione.
1215 3452 1272 3541 xp·

180 3558 271 3623 lundn'
282 3578 393 3645 qnoque
405 3556 565 3621 versionem
578 3554 712 3619 interdum
732 3554 952 3629 emendavimus;
974 3575 1027 3620 nee
1044 3564 1138 3617 tumen
1151 3565 1275 3619 veterem

180 3660 246 3725 loeo
258 3680 308 3723 sne
321 3655 541 3733 deturbavimns,
567 3655 620 3721 sed
633 3666 754 3720 nossem
773 3654 811 3718 cd
824 3676 902 3719 erem
916 3653 1152 3723 divinissimus.
1194 3678 1276 3742 prse-

181 3775 262 3826 tersu
283 3760 383 3825 ietetus
401 3759 539 3844 interpres
561 3757 682 3844 ingenue
701 3776 733 3821 se
755 3757 783 3821 in
802 3758 962 3845 puduuedsm
981 3752 1279 3823 ncercm‘uosstne

182 3861 240 3927 nile
252 3861 434 3927 insecutione
454 3862 616 3927 munem
635 3870 755 3926 nestrum
774 3862 987 3949 proposuimus,
1005 3870 1042 3957 ‘i
1054 3871 1134 3926 uuus
1146 3862 1279 3947 quadem

182 4022 390 4041 ή-ι--ι-

252 4116 281 4187 ’)
297 4116 366 4171 idem
383 4076 435 4187 ene
451 4120 559 4169 nestm
573 4114 683 4169 editioni
699 4114 846 4185 plescum
862 4116 1020 4188 prodesset,
1034 4116 1149 4172 sedicem
1166 4114 1278 4171 emnium

182 4202 443 4277 pnestentinsimnm,
465 4198 668 4270 Ceiuliniennm,
694 4202 728 4254 ed
745 4200 852 4256 aiteram
876 4209 949 4257 certe
966 4209 1066 4271 purtem
1083 4214 1113 4259 et
1127 4202 1278 4258 historicum

184 4289 270 4361 metis
282 4293 394 4345 uuum
402 4298 524 4345 eeourute
533 4286 653 4343 oedumn
665 4287 846 4346 uvttudtntrc
860 4290 976 4346 emec
986 4288 1193 4361 inpmuinus.
1210 4291 1231 4343 1.
1244 4288 1278 4345 B.
