3134 4809
285 288 359 362 372
638 280 818 351 GEORGiI
843 276 1026 351 centnm

284 459 477 549 παρεγίνετο,
502 452 583 521 ἀλλά
605 449 714 530 πάντες
735 477 775 535 με
798 449 1010 537 ἐγκατέλιπον,
1029 450 1073 533 μὴ
1094 444 1199 527 odron
1218 446 1386 535 λογισθείη.

283 567 340 649 τὴν
361 564 396 629 δὲ
418 561 495 647 πρδς
517 554 675 645 Τιμόθεον
692 554 835 643 δευτίραν
851 553 1009 637 ἐπιστολὴν
1027 549 1226 638 κατεχόμενος
1242 550 1386 635 ἔγραψεν,

286 668 365 751 ὁμοῦ
385 666 541 748 σημαίνων
558 657 615 744 τήν
634 687 667 727 τε
687 659 837 745 προτέραν
858 656 953 723 αὐτοῦ
972 656 1136 741 ἀπολογίαν
1156 654 1233 739 πρὸς
1245 655 1386 741 Νέρωνα,

285 770 321 837 ὃν
334 770 385 835 καὶ
398 769 505 835 λέοντα
519 766 571 829 διδ
582 764 617 829 τό
631 759 841 847 ἀπάνθρωπον
854 762 905 827 καὶ
922 762 1075 848 θηριῶδες
1089 764 1145 825 τοῦ
1156 755 1271 845 τρόπου
1287 761 1389 832 καλῶς

287 871 438 955 ὠνόμασε.
486 870 538 933 καλ
557 866 613 950 τὴν
633 865 718 953 παρά
734 861 832 940 πόδας
845 864 995 929 τελείωσιν
1012 860 1115 946 ἐπάγει
1130 860 1257 948 φάσκων
1272 856 1414 945 “ίρρό-5

287 983 371 1059 einr
388 975 422 1039 ίκ
441 969 594 1054 πόματος
615 968 750 1043 λίοντος·
773 967 853 1031 ἄλλά
879 968 931 1033 καὶ
953 964 1078 1053 ῥύσεταί
1096 990 1134 1047 με
1158 960 1174 1029 ὁ
1199 962 1305 1049 κόρους
1328 960 1389 1027 άπὸ

288 1077 400 1153 παντὸς
423 1073 512 1161 ἔργου
537 1077 689 1158 πονηροῦ,
714 1071 767 1135 καλ
786 1066 879 1137 σάσει
902 1070 945 1145 είς
964 1068 1020 1152 τὴν
1039 1068 1195 1151 βασιλείαν
1217 1066 1313 1131 αὐτοῦ
1334 1063 1389 1147 τὴν

289 1175 468 1267 ἐπουράνιον
472 1177 506 1256 ,”
533 1170 733 1263 ὖπεμφαίνων
746 1172 783 1239 nd
798 1173 971 1260 παραυτίκα
983 1168 1166 1259 μαρτόριον,
1192 1168 1211 1234 δ
1226 1172 1277 1235 καλ
1290 1167 1390 1253 σοφί-
1410 1202 1420 1217 ·

251 1296 398 1368 ὓστερον
421 1280 453 1345 ἓν
472 1284 511 1367 τῇ
532 1278 610 1364 αὐτῇ
631 1278 774 1362 ἐπιστολῇ
794 1272 1009 1363 προσαγορεύει
1034 1274 1126 1359 λόγων
1145 1270 1227 1357 “lyei
1249 1269 1307 1359 peip
1328 1269 1389 1354 ἤδη

289 1388 456 1466 σπένδομαι
462 1428 473 1460 ,
498 1382 549 1446 καί
570 1377 588 1445 ό
607 1378 714 1466 καιρός
732 1385 788 1461 τῆς
806 1376 979 1455 άνολόσεάς
989 1401 1050 1460 μου
1064 1375 1258 1465 ίφίσιηκεν.”
1310 1372 1386 1439 άπα-
1399 1385 1436 1439 1⁰

290 1485 495 1575 λογησάμενος
513 1484 613 1551 τοίνυν
632 1482 688 1567 τὴν
708 1480 832 1566 πρώτην
847 1480 1011 1568 ἀπολογίαν
1026 1482 1077 1545 καὶ
1092 1471 1187 1555 αὖθις
1201 1479 1249 1577 ini
1265 1476 1321 1561 τὴν
1335 1481 1391 1542 τοῦ

290 1588 483 1677 κηρύγματος
499 1589 653 1652 διακονίαν
667 1582 875 1667 στειλάμενος,
897 1582 961 1650 εἶτα
976 1582 1067 1649 πάλιν
1079 1582 1113 1648 τό
1129 1579 1269 1668 δεότερον
1283 1580 1393 1661 ἐπιβάς

291 1702 330 1783 τῇ
339 1689 442 1777 Ῥώμῃ
454 1689 578 1773 δίσμιος
591 1691 644 1755 καί
656 1684 803 1765 ολοαότως
816 1688 937 1774 Νέρωνι
950 1688 1139 1773 παραδοθεὶς
1150 1686 1203 1749 τόν
1218 1684 1269 1749 διδ
1284 1684 1394 1769 ξίφους

291 1802 348 1865 τοῦ
368 1793 538 1880 μαρτυρίου
561 1792 712 1880 στέφανον
735 1789 920 1873 ἀνεδήσατο,
941 1792 1013 1873 μηνὶ
1030 1790 1150 1875 Ἰουνίιρ
1172 1784 1235 1865 κδ’,
1255 1785 1335 1853 καθ’
1352 1782 1393 1869 ἣν

291 1898 408 1985 ημίραν
420 1897 472 1961 καλ
483 1894 604 1982 Πίερος
615 1890 808 1981 eorumden,
826 1892 904 1976 μετὰ
916 1894 1056 1978 περίοδον
1064 1887 1178 1975 χρόνου
1192 1886 1269 1968 ἑνός,
1285 1884 1391 1955 καθά·
1401 1900 1436 1953 15

294 2027 350 2087 περ
363 2002 415 2067 καί
427 1996 563 2084 Μάρκος
574 2002 626 2063 καί
636 2000 769 2072 Λουκᾶς
783 1995 812 2060 oi
826 1996 1030 2081 rriayyrirorni
1043 1997 1093 2059 καί
1106 1988 1285 2074 ’ίάκωβοςὸ
1300 1990 1393 2057 ἀδελ-

294 2102 433 2193 φόθεος,
464 2098 507 2177 ὥς
528 2098 702 2187 ἔμπροσθεν
722 2098 850 2185 εἴρηται.
899 2094 916 2165 ὁ
940 2088 993 2163 οὖν
1017 2094 1169 2183 μακάριος
1191 2098 1322 2171 Λουκᾶς
1342 2095 1392 2157 tut

295 2207 398 2282 ἐλαίας
413 2202 612 2291 καρποφόρου
628 2198 811 2287 ἐσταυρώθη
819 2250 830 2281 ,
855 2198 899 2283 μὴ
916 2198 1126 2288 εὑρισκομένου
1142 2195 1235 2277 ξόλου
1251 2202 1345 2285 ξηροῦ
1361 2198 1394 2260 ἓν

293 2316 338 2399 τῷ
359 2306 444 2397 τόπῳ
466 2303 544 2394 πρδς
564 2309 600 2373 τὸ
620 2306 762 2391 γενίσδαι
785 2300 928 2390 σταυρόν.
979 2306 1030 2367 καί
1051 2299 1155 2384 λαβών
1175 2328 1222 2379 τις
1244 2300 1279 2365 τό
1301 2305 1394 2381 σῶμα

257 2412 395 2491 unitari
416 2412 468 2477 καί
488 2409 602 2493 μεταξὺ
624 2415 744 2475 πολλῶν
768 2408 921 2491 μνημείων
942 2402 1053 2489 θάψας
1073 2404 1187 2500 ἄδηλον
1203 2404 1323 2486 ίποίησε
1339 2401 1438 2469 trivit)

294 2513 405 2605 τάφον.
453 2518 515 2579 τῶν
540 2515 575 2579 di
596 2518 746 2595 μαθητῶν
769 2505 994 2591 ἀναζητούντων
1008 2509 1165 2589 μετέπειτα
1181 2510 1232 2573 καί
1246 2505 1291 2590 μὴ
1310 2502 1393 2591 εὑρι-

296 2618 430 2689 σκόντων
445 2616 542 2683 αὐτοῦ
554 2616 607 2684 τὸν
620 2612 719 2702 τάφον
734 2612 833 2677 διὰτὸ
848 2606 969 2694 πλῆθος
980 2616 1041 2676 τῶν
1052 2608 1236 2695 μνημάτων,
1261 2634 1394 2697 προσευ-

367 2806 505 2875 ὅπερλΡ

296 2978 390 3035 “neno
415 2973 479 3028 mihi
499 2976 529 3029 io
551 2976 637 3047 primo
660 2975 816 3032 defensione
838 2976 938 3045 odiuit,
961 2978 1010 3033 aed
1034 2992 1123 3031 manee
1146 2994 1186 3031 rno
1210 2976 1392 3033 deterrerent.

298 3068 352 3107 uon
372 3046 514 3116 imputetur
537 3041 632 3117 ipeia.”
665 3046 839 3117 poeteriorem
867 3046 1003 3117 epistolem
1030 3048 1065 3101 ad
1093 3046 1261 3101 Timotheum
1287 3044 1395 3115 scripsit

299 3116 437 3190 neptium
452 3113 500 3166 uhi
515 3114 591 3169 simul
608 3116 764 3169 mentionem
782 3114 849 3168 iacit
861 3116 965 3199 primae
982 3133 1047 3171 eune
1064 3116 1134 3186 apud
1149 3118 1282 3171 Neronem
1300 3116 1394 3169 desen·

299 3186 392 3244 monia·
426 3201 503 3252 quem
519 3196 549 3241 et
564 3185 648 3239 leonte
665 3184 770 3239 nomine
791 3184 896 3253 affecit,
922 3185 1134 3239 inhumanitatem
1152 3185 1209 3239 eiua
1227 3195 1307 3253 atque
1321 3184 1395 3237 feror

299 3272 385 3312 meree
398 3254 533 3324 praeclare
546 3264 655 3320 uotnua,
673 3263 700 3307 et
714 3252 888 3307 imminentem
905 3272 979 3310 ouum
996 3256 1095 3309 obitum
1110 3271 1170 3309 mox
1185 3254 1300 3323 indicat,
1315 3248 1394 3307 “ere-

299 3334 360 3399 ptut
376 3316 449 3380 aum''
469 3324 605 3407 inquiens,
619 3318 680 3377 “ori
695 3322 789 3377 leonie.
825 3324 872 3377 aed
895 3334 923 3378 et
945 3324 974 3377 in
991 3330 1126 3393 posterum
1144 3342 1186 3377 me
1201 3324 1320 3377 dominun
1335 3339 1394 3376 eer-

300 3394 374 3449 vahit
391 3394 424 3445 ab
441 3409 511 3446 emm
528 3394 594 3449 mala
609 3410 653 3459 re,
679 3394 759 3463 inque
775 3408 848 3446 auum
868 3394 982 3447 coeleste
999 3410 1108 3461 regnum
1129 3388 1256 3461 maneret,”
1281 3392 1394 3445 inuueua

299 3462 453 3536 propediem
476 3478 525 3514 ano
549 3461 679 3531 supplicio
703 3482 733 3517 ao
754 3462 863 3515 veritati
884 3462 1059 3517 testimonium
1081 3460 1280 3531 perhibituram.
1322 3460 1395 3530 quod

300 3533 378 3588 etiam
396 3530 513 3599 apertiua
529 3530 558 3584 in
575 3532 665 3583 eadem
686 3530 799 3601 epietolu
820 3531 963 3599 praedicit,
990 3531 1018 3582 in
1042 3530 1107 3584 haee
1127 3532 1211 3584 rerba
1233 3524 1302 3599 “ego
1325 3527 1394 3583 enim

300 3618 370 3656 nune
385 3597 518 3664 immolor,
541 3595 674 3667 inatatqn'e
689 3608 791 3669 tempus
809 3617 884 3653 meae
899 3594 1065 3653 aolntiooie.’'
1097 3606 1159 3671 poet
1174 3600 1283 3670 primam
1299 3600 1395 3652 deien-

300 3670 401 3724 aiouem
421 3666 542 3720 dimieeua
564 3676 618 3733 eat,
643 3675 673 3720 nt
694 3685 786 3720 rureua
808 3668 971 3738 evangelium
995 3667 1169 3739 praedicaret.
1205 3669 1290 3721 denno
1307 3676 1395 3719 autem

300 3739 330 3793 in
346 3736 457 3790 vinealia
470 3737 578 3789 Romam
594 3736 736 3801 adductae,
759 3736 875 3804 itemque
890 3736 992 3791 Neroni
1009 3736 1136 3805 traditur,
1153 3736 1242 3805 gindio
1259 3744 1395 3789 truncatur

301 3806 422 3875 martyrii
436 3822 558 3859 eoronam
575 3803 692 3873 aeoepit,
707 3806 752 3857 die
763 3805 835 3859 lunii
849 3806 898 3874 29,
915 3805 1005 3860 oedem
1022 3805 1066 3857 die
1084 3824 1134 3875 quo
1152 3814 1215 3859 ante
1232 3822 1328 3859 annum
1340 3804 1394 3857 Pe-

300 3884 358 3929 true
373 3874 402 3926 in
417 3892 519 3929 crucem
534 3873 588 3926 fuit
603 3882 687 3926 εοεαε.
722 3890 773 3945 qno
791 3872 916 3945 supplicii
929 3892 1027 3945 genere
1046 3874 1134 3928 affecti
1150 3882 1213 3929 aunt
1229 3874 1307 3927 etiam
1319 3874 1394 3927 Mer-

300 3960 348 3998 one
371 3948 400 3995 et
420 3945 506 3998 Lucan
527 3940 706 4011 evangelistae
729 3960 760 3996 εο
783 3944 894 3999 Iacobus
919 3942 1016 3997 domini
1039 3943 1139 4011 frater,
1162 3942 1196 3999 de
1236 3944 1313 3997 uibua
1333 3942 1419 3995 ante'

300 4011 457 4067 rettulimua.
491 4012 554 4066 diro
567 4012 656 4064 Lunae
672 4027 720 4079 pro
738 4028 815 4065 oruoe
833 4012 884 4067 init
896 4012 953 4065 oiea
967 4011 1111 4081 frugifera,
1128 4028 1186 4067 eum
1253 4014 1395 4083 parandam

301 4096 403 4132 ornnem
416 4080 512 4135 nulium
527 4080 562 4134 iis
577 4081 605 4135 iu
621 4079 687 4131 loeia
704 4078 839 4133 aridnmli
876 4098 917 4135 um
930 4080 1102 4151 reperiretur.
1145 4081 1201 4134 eiua
1220 4098 1315 4153 eorpna
1334 4080 1394 4151 qui·

300 4148 360 4201 dan
376 4148 506 4205 oobhmn
525 4150 595 4205 iuter
615 4146 695 4201 multa
710 4148 763 4201 alia
778 4166 844 4219 aepu
855 4168 900 4205 era
915 4148 1076 4215 recondidit;
1103 4146 1193 4218 itaque
1210 4150 1300 4204 effecit
1316 4159 1346 4204 ut
1366 4150 1394 4201 in

301 4216 413 4270 obeeuro
435 4217 492 4271 eine
507 4218 657 4289 aepnimrae
673 4216 746 4269 loona
763 4227 844 4271 eaeet.
879 4236 936 4272 eum
960 4226 1046 4272 autem
1072 4228 1167 4287 poetae
1190 4218 1314 4289 discipuli
1338 4236 1394 4271 eam

299 4283 480 4354 requirerent,
503 4294 585 4358 atque
601 4292 711 4360 prepter
726 4286 902 4356 sepulcrorum
920 4286 1110 4344 multitudinem
1128 4306 1181 4343 nou
1197 4288 1395 4359 deprehendere
