3134 4809
306 312 329 353 x
604 283 800 355 teutott
827 286 1100 355 tunnentw.

303 456 456 522 addidimus
480 458 508 523 ei
529 456 688 523 tmanme.
732 456 851 545 deniqne
864 457 1036 523 Gloaaarium
1052 458 1218 534 edecimata,
1239 480 1295 545 quo
1312 480 1397 525 rocoa

300 558 529 635 mixobarbarae,
549 558 646 646 quibus
661 558 805 625 Cedrenue
818 560 914 634 utitur,
935 559 1121 645 explicentur,
1143 560 1293 649 diguitatea
1307 560 1396 625 eccle

299 660 429 725 siasticee
445 660 583 747 palatinae
598 672 626 725 et
643 659 776 725 militares
792 670 971 745 mponnutnr.
1014 682 1069 747 quo
1089 661 1321 728 inconcinuando
1335 685 1397 727 uoaa

299 784 355 826 non
373 784 431 825 eom
452 784 541 849 opera
554 761 685 837 blemeii,
707 782 790 845 quem
809 760 939 846 plerique
958 761 1008 827 alii
1028 764 1075 847 qui
1097 776 1179 850 repto
1197 764 1291 828 vivum
1308 764 1398 828 aolant

300 864 475 939 exscribere,
497 864 608 928 sedvel
623 874 749 927 auctores
763 862 881 925 nendum
894 861 985 927 editoe
1000 862 1047 927 vel
1061 863 1133 929 aliea
1145 866 1256 930 omnino
1270 877 1398 928 auctores

299 964 335 1026 ad
355 964 536 1029 testimonium
555 964 659 1043 cito.*)
701 962 834 1025 accedmt
854 962 938 1025 etiam
957 963 990 1027 ll.
1006 964 1038 1027 P.
1052 963 1146 1031 laoobi
1159 966 1237 1030 Goar
1250 967 1397 1031 verieain

299 1064 456 1130 cedrenum
469 1064 721 1129 animadversiones
736 1061 951 1138 eruditissimae,
965 1085 1037 1147 quae
1051 1088 1107 1130 non
1120 1067 1255 1132 modicam
1266 1068 1398 1133 Cedreno

299 1167 388 1232 lucem
403 1167 536 1231 adferent.
579 1176 719 1252 postremo
733 1183 1039 1249 numeroaaoperarum
1050 1168 1151 1231 menda
1167 1170 1328 1245 sustulimm
1342 1191 1397 1253 quo

299 1282 355 1333 tarn
369 1270 474 1333 auctior
489 1268 575 1334 editio
590 1286 671 1353 quum
682 1264 858 1331 emendatior
871 1283 960 1350 opera
980 1276 1076 1329 noatn
1088 1268 1223 1351 prodiret
1267 1270 1397 1335 Codrum

298 1370 384 1457 igitur
398 1368 508 1445 fruere,
534 1351 730 1455 quem'antea,
753 1387 827 1451 pene
846 1364 979 1440 dixerim,
1003 1388 1073 1431 aare
1086 1380 1183 1433 contre
1202 1372 1322 1437 veniima
1342 1392 1397 1436 nou

302 1474 426 1558 ignoras.
468 1470 624 1535 Gedreumu
638 1481 767 1554 aequetur
780 1465 971 1552 'l'beopbenee
990 1467 1134 1534 multorum
1154 1471 1226 1535 votis
1248 1475 1395 1559 expetitae.

301 1595 383 1660 qoem
397 1596 435 1637 ex
446 1573 525 1659 regia
539 1568 764 1635 Christianiaeimi
787 1566 958 1632 bibliotheca
972 1567 1000 1633 in
1015 1568 1105 1634 lacem
1118 1570 1248 1646 edemus,
1269 1594 1324 1636 una
1337 1596 1398 1638 cum

301 1674 440 1741 Anastueii
453 1670 664 1737 bibliothecarii
684 1668 1013 1735 historiattccteiaaica
1031 1668 1164 1739 menna
1186 1673 1304 1751 inedita,
1326 1685 1399 1761 quac

301 1775 438 1841 beneficio
456 1771 613 1837 Cardinelis
628 1769 842 1835 Eminentissimi
856 1772 881 1835 F
881 1772 999 1838 nancisci
1013 1773 1162 1841 barberini
1182 1774 1219 1837 ad
1233 1796 1285 1839 noa
1297 1797 1397 1861 perue-

226 1902 235 1923 ν
300 1878 348 1941 nit.
391 1884 539 1960 aequentur
558 1886 586 1937 et
605 1873 653 1939 ulii
674 1894 712 1937 ex
725 1872 812 1936 veriie
832 1870 1011 1937 bibliothecis
1024 1875 1109 1949 orati,
1131 1897 1201 1961 quoa
1213 1898 1269 1941 non
1282 1879 1399 1943 interire

299 1988 425 2063 quantum
439 1975 610 2063 reipublicae
624 1976 766 2041 literariae
789 1972 894 2040 intenuit
917 1973 948 2040 bi
962 1986 1064 2043 tentmn
1077 1975 1232 2067 meltgmt
1242 1978 1289 2065 qai
1302 1979 1399 2045 literae

299 2091 416 2145 tractant
437 2076 484 2147 vel
504 2076 608 2145 levent.
653 2077 727 2143 vele.

365 2366 392 2435 *)
410 2366 472 2421 Non
489 2383 626 2439 poaaumna
650 2366 719 2423 eitra
740 2367 840 2421 meten
862 2366 961 2437 ingrati
977 2364 1124 2438 praeterire
1140 2373 1262 2427 aneteraa
1285 2384 1395 2439 graeco-

298 2454 442 2523 barbaros,
460 2455 556 2525 quibus
573 2454 616 2509 uai
632 2470 719 2508 anmua
733 2452 760 2506 in
772 2452 823 2506 boc
836 2454 977 2523 glossario,
994 2454 1070 2508 nebia
1081 2454 1192 2508 ntcndoa
1209 2456 1286 2508 datoa
1303 2472 1336 2509 ax
1353 2454 1396 2506 bi-

294 2540 430 2595 ·bliotbeee
445 2540 498 2595 viri
514 2540 652 2595 denatat
668 2544 696 2593 et
711 2538 883 2595 aradtmaint
899 2539 991 2597 lambi
1006 2540 1127 2597 ntentatti
1149 2538 1244 2596 mediet
1261 2541 1396 2597 Pariaian-

296 2626 344 2685 aia.
382 2626 518 2683 Fabmtata
533 2628 564 2683 ita
580 2628 654 2683 colea
672 2624 793 2683 Neruae.
