3134 4809
411 357 709 432 lssSTORlARUlli
737 363 1031 441 coutentium
1190 369 1267 446 403

132 519 139 525 “
170 532 221 597 καί
234 525 391 616 γενήσεται
403 533 471 620 περὶ
483 533 539 618 τήν
550 535 666 602 θυσίαν
678 531 848 624 siposcspcln.¹⁰
886 543 944 605 tois'
956 537 1015 625 γάρ
1029 545 1138 624 βωμοῦ
1151 551 1267 612 καθαι.

171 635 313 722 ρεθίντος
335 638 386 700 καί
406 643 467 702 τῶν
488 634 581 722 ἀγίων
599 641 877 724 καταπατηθίντων
890 641 1016 708 εἴδωλον
1029 641 1151 729 ἐστησεν
1165 647 1304 732 dodoni)

169 739 221 802 καὶ
235 739 350 804 θυσίαν
362 740 491 806 ἐπετέλει
503 749 567 817 τοῖς
579 742 703 824 δαίμοσι
716 742 911 830 παρανόμως.
935 744 1010 812 ὅθεν
1023 751 1116 835 φησίν
1132 746 1264 840 “ἐρρίφη

166 843 266 923 χαμαί
279 837 299 924 ἡ
312 841 487 926 δικαιοσύνη
495 889 505 922 ,
527 845 579 910 καὶ
595 845 733 929 ἐποίησε,
754 850 807 912 καί
822 845 1006 932 εάωδοίθη.”
1047 847 1112 916 είτα
1125 852 1217 920 πάλιν
1232 859 1266 924 ἐκ
1291 921 1299 938 ,

144 943 312 1030 ἀδευτίρου
331 945 387 1029 τήν
407 947 502 1030 αὐτὴν
515 949 673 1029 βασιλείαν
684 946 838 1033 Ἀντιόχου
853 952 1019 1039 ἐπιφανοῦς
1031 953 1127 1038 λέγων
1142 960 1193 1020 καλ
1209 960 1265 1042 τήν

167 1049 379 1144 αἰχμαλωσίαν
391 1052 443 1116 καί
455 1048 511 1132 τήν
521 1048 634 1118 ἅλωσιν
648 1055 699 1118 καὶ
711 1052 769 1136 τήν
782 1051 936 1141 ἐρήμωσιν
946 1063 1001 1122 τοῦ
1015 1056 1097 1143 ἱεροῦ
1103 1105 1114 1135 ,
1137 1063 1264 1146 προστί-

166 1155 244 1233 θησι
260 1153 310 1216 καί
327 1150 380 1216 τὸν
392 1149 512 1238 χρόνον.
563 1152 731 1240 ἀρξόμενος
743 1156 804 1242 γάρ
820 1156 880 1222 ἀπὸ
895 1165 950 1242 τῆς
958 1156 1157 1248 Ἀλεξάνδρου
1170 1168 1264 1242 βασι-

167 1256 264 1333 λείας,
291 1245 386 1332 αὖθις
397 1255 474 1343 πρὸς
486 1262 531 1343 τῷ
543 1257 620 1322 τίλει
631 1265 686 1325 τοῦ
696 1263 821 1342 βιβλίου
834 1263 885 1326 καὶ
899 1262 939 1326 τὰ
951 1262 1066 1345 μετοξδ
1079 1262 1180 1330 πάντα
1193 1269 1263 1351 διη-

165 1354 336 1452 γησόμενος
350 1356 409 1425 ὅσα
424 1358 452 1424 oi
467 1361 655 1443 Πτολεμαῖοι
673 1365 724 1426 καί
741 1363 770 1428 οἶ
786 1364 928 1430 Σίλευκοι
949 1365 1147 1454 συρραγίντες
1166 1369 1263 1452 ἀλλή-

124 1474 159 1530 10
166 1465 232 1538 λαις
249 1463 393 1544 ἐποίησαν
409 1463 459 1526 καλ
476 1462 505 1527 oi
520 1467 683 1548 στρατηγοὶ
700 1462 818 1532 τούτων
841 1466 1017 1555 εέργάσαντο
1024 1516 1035 1547 ,
1060 1469 1133 1547 τοδς
1152 1469 1262 1551 δόλους

163 1562 220 1640 scic
242 1566 327 1642 νίκας
351 1563 407 1640 τὰς
432 1557 591 1652 στρατείας
615 1567 671 1644 τὰς
693 1563 797 1654 μάχας
813 1569 870 1647 τὰς
893 1575 1066 1656 ναυμαχίας
1092 1574 1149 1652 τδς
1172 1578 1260 1656 πεζο-
1276 1591 1300 1647 P
1314 1593 1368 1651 230

161 1667 293 1750 μαχίας,
315 1668 429 1755 προϊών
446 1672 488 1746 εἰς
495 1668 646 1753 Ἀντίοχον
659 1677 783 1763 τελευτᾷ
795 1671 886 1738 πόλιν
891 1723 914 1754 ,.
923 1677 975 1740 κοδ
989 1678 1068 1762 φησί
1079 1673 1261 1764 “βραχίονες

161 1771 195 1847 ἐξ
216 1769 312 1836 αὐτοῦ
334 1769 496 1855 στήσονται
502 1819 512 1851 ,
546 1777 597 1838 καὶ
621 1772 832 1860 βεβηλοίσουσι
853 1777 888 1844 ol
912 1775 1065 1862 ἀγίασμα,
1089 1783 1142 1844 καὶ
1162 1807 1258 1862 μετα-

161 1869 309 1956 στήσυυσι
338 1875 391 1940 τὸν
419 1871 667 1958 ἐνδελεχισμόν,”
701 1877 757 1956 τὰς
781 1876 926 1963 συνήθεις
948 1881 1043 1966 λέγων
1066 1886 1181 1960 θυσίας
1205 1889 1257 1952 καί

120 1991 153 2047 15
161 1973 386 2064 καθημερινάς,
407 1973 480 2043 “uod
497 1977 650 2046 δώσουσιν
666 1985 708 2060 είς
721 1981 814 2048 αὐτὸν
828 1985 1005 2068 βδέλυγμα,
1030 1988 1081 2051 καί
1097 1986 1169 2062 τοδς
1182 1987 1257 2054 ἀνο-

159 2087 293 2162 μοῦντας
311 2077 486 2166 διαθήκην”
512 2083 649 2149 concion
664 2085 738 2162 τοδς
753 2089 1000 2174 παραβαίνοντας
1021 2095 1083 2154 τῶν
1099 2090 1257 2158 Ἰουδαίων

155 2178 345 2262 “ἀπάξουσιν
367 2185 399 2251 ἐν
419 2182 608 2268 ἀλισθήμασι
627 2189 705 2269 μεθ’
730 2186 848 2255 ἑαυτῶν
867 2194 918 2255 καλ
935 2188 1179 2276 μεταστήσουσι,
1204 2198 1257 2260 καλ

160 2285 232 2364 λαός
252 2287 407 2372 γινώσκων
427 2287 481 2352 τδν
495 2287 572 2352 θεὸν
588 2287 683 2354 αὐτοῦ
697 2290 936 2373 κατισχόσοοσι”
961 2293 1002 2360 ool
1017 2294 1064 2358 ἐπὶ
1080 2302 1141 2361 τοῖν
1156 2299 1256 2362 Μακ-

158 2393 295 2472 καβαίων
316 2393 408 2476 λέγων
426 2393 476 2456 καί
490 2388 530 2454 ssi
544 2391 592 2454 ἐπὶ
603 2389 706 2458 Ἰοόδα
718 2395 769 2458 καί
784 2395 924 2475 Σίμωνος
937 2398 989 2459 καί
1002 2395 1159 2477 Ἰωάννου,
1179 2396 1254 2465 ακαδ
1268 2471 1272 2478 ,

116 2509 152 2564 20
161 2493 189 2558 oi
202 2497 318 2560 control
332 2501 409 2559 λαοῦ
424 2491 608 2578 συνήσουσιν
624 2497 667 2572 εἰς
682 2492 791 2560 πολλά.
823 2499 875 2562 καὶ
894 2495 1117 2582 ἀσθενήσουσιν
1131 2502 1164 2566 ἐν
1176 2500 1253 2588 ῥομ-

159 2598 237 2686 φαίρι
249 2600 300 2662 καί
314 2598 346 2660 ἐν
361 2597 473 2684 φλογί”
500 2597 554 2663 τδν
566 2597 745 2702 ἐμπρησμὸν
758 2605 815 2684 τῆς
826 2596 942 2678 πόλεως
955 2599 1151 2686 ἐξηγούμενος
1161 2602 1254 2668 πάλιν

153 2693 227 2762 “καδ
244 2701 275 2762 ἐν
292 2701 484 2790 αἰχμαλωσίᾳ
499 2704 549 2765 καί
564 2701 596 2766 ἐν
609 2705 763 2790 διαρπαγῇ
780 2699 918 2790 ήμεριιλν·
944 2707 994 2769 καὶ
1011 2705 1043 2767 ἐν
1056 2710 1103 2792 τῷ
1117 2706 1251 2791 ἀσθενῆ·
1267 2718 1290 2772 Β

156 2825 209 2868 σαι
226 2800 337 2879 ainoho
351 2802 561 2887 βοηθήσονται
576 2805 726 2890 βοήθειαν
742 2803 877 2893 poeospoio’²
903 2807 1058 2896 ἐμφαίνων
1074 2805 1120 2873 ὅτι
1134 2811 1250 2890 μεταξὺ

156 2911 217 2972 τῶν
238 2913 340 2974 κακῶν
359 2908 477 2974 ἐκείνων
496 2905 677 2992 δυνήσονται
697 2910 882 2979 ἀναπνεῦσαι
897 2915 950 2979 καὶ
966 2912 1130 2998 ἀνενεγκεῖν
1142 2913 1175 2980 ἐκ
1188 2921 1251 2982 τῶν

153 3205 278 3261 sscrilicii
295 3205 346 3260 erit
361 3201 531 3274 Asgitioon.”·
553 3223 612 3262 neon
627 3207 771 3264 Antiochus
788 3209 868 3264 tltsri
885 3209 1013 3264 subverso
1033 3206 1169 3276 succisque
1182 3225 1248 3264 oon-

153 3275 262 3330 culcetis
278 3275 307 3329 in
322 3275 419 3344 templo
436 3275 600 3330 simulacrum
617 3278 725 3345 stetuit,
749 3291 780 3332 to
806 3285 898 3333 contro
918 3276 1002 3345 legem
1018 3275 1188 3330 doemonibus
1204 3296 1249 3331 ss-

153 3344 293 3399 crihcsvit.
327 3344 387 3398 idon
414 3351 489 3398 votes
512 3344 577 3398 dicit
600 3341 647 3399 “et
665 3346 735 3400 humi
756 3356 891 3417 prostrate
906 3355 946 3398 est
961 3343 1078 3410 iustitie,
1104 3354 1250 3415 cuntosque

152 3415 222 3468 illstu
246 3431 302 3468 rem
326 3429 453 3483 prospers
477 3407 589 3480 gessit.''
619 3431 721 3468 rursum
740 3415 836 3469 deindo
857 3415 942 3466 ioum
958 3413 1023 3466 illud
1038 3411 1161 3465 Antiochi
1178 3413 1249 3482 Epi-

152 3483 247 3556 phenis
272 3499 381 3552 regnum
404 3481 613 3552 ludioni-umque
641 3481 740 3536 cladem
766 3492 794 3538 st
815 3482 944 3537 excidium
972 3489 1052 3551 etque
1074 3481 1247 3538 vastetionotu

150 3553 243 3676 templi
264 3555 399 3619 referens,
425 3558 528 3619 tempus
550 3551 628 3606 stium
652 3551 844 3606 commemoret.
878 3567 939 3604 nsuu
958 3567 1049 3604 rursus
1065 3549 1143 3604 initio
1163 3551 1248 3619 petito

152 3625 185 3678 oh
225 3623 344 3678 lsxundri
366 3638 448 3690 regno
466 3620 514 3674 suh
531 3621 609 3674 tinem
625 3620 700 3688 lihri,
727 3639 813 3690 eoque
836 3619 924 3674 omnio
947 3629 1102 3690 persecutus
1126 3620 1248 3676 orations

151 3709 220 3762 quse
238 3695 271 3746 nb
290 3711 322 3748 eo
339 3689 483 3745 Ptolemaei
501 3697 529 3744 et
546 3691 652 3744 Seleuci
675 3691 807 3744 intestinis
828 3690 905 3744 bellis
921 3689 1057 3759 congressi
1073 3688 1186 3742 inuicem
1203 3691 1247 3742 fo-

151 3761 221 3814 cturi
250 3769 339 3816 essent
367 3775 509 3831 eorumque
541 3761 663 3814 ductores
685 3759 759 3815 dolos
783 3759 911 3814 victorias
936 3759 1119 3828 expeditiones
1142 3759 1248 3814 nsvuliu

151 3835 178 3884 st
195 3831 333 3884 torrendo
349 3831 465 3900 proelis,
486 3847 642 3899 progressus
656 3830 690 3883 sd
702 3829 827 3883 Antiochi
841 3845 924 3896 usque
939 3844 1047 3897 reguum
1060 3828 1100 3881 ito
1114 3825 1248 3884 concludit

147 3893 195 3952 “et
210 3899 319 3952 boschio
335 3918 368 3954 ex
386 3918 418 3954 so
435 3898 563 3962 existent,
586 3915 655 3968 ques
671 3898 814 3952 socrsrinm
830 3899 1021 3982 profanabunt,
1040 3901 1067 3949 et
1082 3895 1144 3965 ingo
1160 3897 1247 3950 secri-

148 3967 236 4022 hciuuu
255 3967 396 4023 ebolehunt
420 3976 499 4037 etque
521 3967 655 4052 polluent,
679 3980 708 4022 st
728 3985 774 4022 eos
793 3986 840 4037 quc
859 3974 1041 4022 testamentum
1058 3965 1160 4019 violent
1176 3966 1247 4033 (hoc

148 4045 205 4104 est,
231 4037 341 4091 Iudaeos
365 4056 382 4091 o
403 4037 463 4106 lego
484 4037 656 4106 dshciontss)
681 4037 812 4092 obducent
828 4036 855 4089 in
872 4036 1066 4092 lubricitatibus
1087 4035 1144 4088 sois
1165 4042 1246 4105 etque

146 4108 326 4170 transferent3
350 4107 538 4228 superabitqno
554 4123 600 4160 eos
616 4107 728 4178 populus
745 4106 792 4177 qui
808 4108 884 4160 deuon
900 4104 1036 4176 cognoscit
1052 4103 1246 4170 (Muooshseos

147 4177 234 4231 innuit
250 4183 278 4228 st
293 4193 336 4230 ros
353 4192 369 4227 s
400 4177 452 4230 udo
469 4177 576 4230 Simone
593 4194 625 4230 sc
640 4177 738 4230 loonne
754 4178 879 4245 gestes),
897 4193 929 4229 sc
943 4175 1085 4245 prudentes
1100 4174 1134 4225 de
1146 4174 1245 4243 populo

147 4247 228 4302 multe
250 4244 406 4312 intelligent.
452 4253 598 4300 atterentur
621 4255 708 4298 nutem
729 4247 853 4300 tsedibus
876 4253 904 4299 st
924 4241 1053 4298 incendiis
1076 4241 1245 4309 (incendium

146 4317 221 4370 urhis
237 4331 339 4369 rursum
356 4314 497 4382 designet)
516 4325 543 4369 st
557 4315 687 4369 servitute
699 4333 731 4370 sc
747 4314 949 4384 direptionibus.
984 4320 1063 4381 etque
1080 4311 1108 4364 in
1122 4311 1178 4366 suis
1194 4330 1245 4365 on-

145 4385 242 4457 gustiis
255 4385 384 4442 uodiouu
399 4383 438 4442 sis
451 4383 553 4440 locetur
567 4384 691 4445 ouxihoo
707 4385 846 4456 (indictos
859 4400 906 4440 eos
921 4383 992 4438 iutot
1007 4397 1057 4436 sus
1072 4379 1141 4438 nelo
1154 4381 1244 4453 usspi-
