3134 4809
569 192 588 245 Q

263 330 314 409 24
618 328 798 404 GEORGR
822 328 1005 399 OEDREM
1104 366 1109 377 ·

265 504 474 591 ιιαλαοταμὸν
497 504 667 591 διορίζοντα
684 502 779 569 odron
796 500 835 568 sd
851 498 922 588 δρία
937 500 991 567 τόν
1004 498 1183 591 Εόφρότην.
1232 504 1312 587 Χαμ
1325 497 1361 567 δὲ

262 614 307 697 τῷ
321 608 450 697 δευτέρῳ
464 606 558 686 αδτοίί
571 607 643 695 υἱῷ,
670 604 771 692 ι’ίγοντι
787 605 854 683 ίτος
868 603 925 687 υζ,
941 604 1033 671 ίδωκε
1047 606 1103 689 τήν
1118 604 1195 689 πρός
1206 602 1295 671 νότον
1307 608 1359 670 καὶ

263 714 353 793 λίβαν
376 715 427 777 καλ
448 712 540 797 μίρος
562 717 617 793 τῆς
637 706 753 787 δόσεως
775 708 836 775 ἀπὸ
851 705 1104 797 Ῥινοκουροόρων
1118 714 1174 791 τῆς
1188 706 1359 794 Αίγότιτου,
1435 720 1439 725 ’

263 802 437 881 Άίδιοαίαν
449 817 499 879 καί
512 813 670 900 Αἴγυπτον
685 815 735 877 καὶ
747 808 885 895 Λιβίνην,
905 812 1052 901 Ἀφρικὴν
1065 814 1116 877 καλ
1130 812 1358 898 Μαυριτανίαν,

265 918 322 995 ἕως
332 914 521 1006 Ἡρακλείων
538 922 655 999 στηλῶν
671 914 739 999 ἤτοι
755 914 812 991 λ’ως
824 921 879 979 τοῦ
894 918 1018 981 δυτικοῢ
1032 917 1084 980 καὶ
1096 917 1243 997 Λιβυκοῦ
1258 914 1384 979 αλσο-6

175 1026 250 1084 Ρλλ
264 1028 336 1101 νοῦ,
370 1020 508 1105 ποταμὸν
523 1020 556 1083 δὲ
571 1021 740 1103 διορίζοντα
754 1016 808 1081 τὸν
820 1022 951 1096 Νεῖλον,
986 1018 1022 1095 ὃς
1035 1022 1086 1083 καί
1101 1020 1132 1081 Γ
1129 1025 1186 1084 τῶν
1204 1019 1360 1101 καλΧρο-

263 1120 398 1212 σορρόας
412 1126 537 1207 λέγεται.
584 1118 695 1208 'Morti
714 1120 747 1184 δέ
767 1124 812 1208 τῷ
833 1120 925 1208 τρίτῳ
948 1120 1044 1185 αὐτοῦ
1064 1120 1138 1211 υἱῷ,
1170 1120 1272 1205 ἄγοντι
1293 1119 1360 1196 ἴσος

263 1226 336 1305 σκί,
362 1225 421 1291 ἀπὸ
440 1226 569 1309 Μηδίας
588 1222 628 1289 vd
648 1222 726 1311 πρὸς
742 1220 853 1311 δίρκτον
869 1223 920 1287 καὶ
933 1223 1054 1304 δυσμὰς
1069 1225 1127 1301 ἕως
1138 1226 1294 1311 Γαδείρων
1308 1224 1360 1286 καλ

263 1332 474 1415 Βρεττανικῶν
490 1326 606 1413 νήσων,
634 1327 793 1412 Ἀρμενίαν
801 1325 935 1410 Ἰβηρίαν
946 1324 1069 1390 Πόντον
1084 1324 1228 1407 Κόλχους
1239 1328 1290 1391 καλ
1304 1324 1361 1402 τὰς

264 1432 335 1498 κατ’
349 1428 450 1516 Ἰόπην
463 1429 570 1519 χώρας
584 1432 635 1496 καλ
655 1428 766 1513 νήσους
780 1428 836 1506 ἕως
848 1430 978 1504 Ἰταλίας
992 1431 1042 1522 καί
1056 1430 1087 1491 Γ
1084 1433 1196 1493 αλλιῶν
1207 1426 1359 1505 Ἱσπανίας
1368 1433 1402 1487 1⁰

262 1536 359 1601 τεκαὶ
374 1536 577 1619 Κελτιβηρίας
589 1534 639 1597 καὶ
653 1534 850 1597 Λυσιτανῶν.
901 1528 981 1596 οὕτω
991 1532 1119 1617 μερίσας
1131 1533 1182 1593 καλ
1198 1530 1360 1618 ἐγγράφως

263 1640 462 1721 διαθίμενος,
489 1636 531 1714 ὥς
546 1659 657 1722 φασιν,
690 1630 876 1717 ἐααναγκοός
890 1659 923 1699 τε
940 1633 1044 1711 αυτοῖς
1062 1634 1118 1717 τήν
1133 1629 1287 1716 διαθήκην
1302 1634 1362 1699 αὐ-

226 1782 231 1799 ·
261 1747 318 1807 τοῦ
334 1741 556 1827 ἐσρραγίσατο,
590 1736 668 1823 παρ’
692 1733 792 1825 ἑαυτῷ
810 1736 971 1819 κατασχὼν
993 1739 1051 1815 ἕως
1068 1742 1123 1801 τοῦ
1146 1732 1252 1822 βφορί
1274 1734 1361 1813 ίτους

262 1842 322 1907 ἀπὸ
341 1840 458 1923 Ἀδείμ,
489 1844 520 1905 ἓν
536 1831 561 1929 ᾧ
578 1843 629 1906 καλ
644 1836 808 1924 ἐκοιμήθη.
856 1840 974 1921 μίλλων
991 1841 1025 1905 δὲ
1039 1844 1179 1905 τελευτᾶν
1194 1840 1359 1904 ἐνετείλατο

262 1954 326 2021 τοῖς
344 1946 442 2030 τρισὶν
460 1942 539 2029 ninia
559 1944 653 2009 αὐτοῦ
668 1944 784 2026 μηδίνα
798 1944 937 2007 dustein
953 1952 1017 2020 τοῖς
1034 1951 1088 2009 τοῦ
1109 1943 1245 2028 ἀδελφοῦ
1264 1939 1359 2027 ὁρίοις
1368 1949 1401 2003 15

249 2040 313 2113 Ικαλ
328 2045 465 2126 ἀτάκτως
485 2050 643 2129 ἶνεχθήναι
658 2045 734 2131 πρὸς
748 2045 801 2111 τόν
821 2046 939 2131 ἕτερον,
973 2043 1016 2122 ὡς
1033 2044 1142 2110 τούτου
1160 2047 1359 2130 γενησομένω

223 2161 246 2215 Β
264 2152 360 2216 αίτίου
378 2148 512 2227 στάσεως
529 2149 631 2227 αὐτοῖς
649 2150 699 2213 καλ
721 2149 860 2231 αολίμων
873 2155 934 2213 τῶν
948 2148 1025 2235 πρός
1041 2148 1201 2231 ἀλλήλους.
1251 2148 1307 2229 τὴν
1325 2148 1360 2212 δὲ

263 2252 417 2337 διαθήκην
434 2254 530 2318 αὐτοῦ
543 2254 653 2317 δίδωκε
668 2257 712 2339 τῷ
727 2251 799 2334 Σήμ
820 2249 861 2328 ὥς
881 2250 1063 2341 πρωτοτόκῳ
1077 2251 1134 2339 visi
1150 2253 1201 2316 καί
1215 2256 1360 2337 θεοφιλε-

262 2357 376 2444 στίρῳ,
410 2352 444 2433 ὃς
459 2359 509 2420 καὶ
525 2355 581 2439 τήν
601 2352 762 2440 ἡγεμονίαν
780 2356 932 2433 όιεδίξατο
945 2356 1017 2436 μετ’
1036 2354 1128 2421 αδτδν
1142 2354 1261 2431 καὶτὰς
1276 2358 1359 2430 ἔξαι-

262 2459 367 2548 ρίτους
382 2466 442 2524 τῶν
457 2457 533 2546 παρ’
553 2458 648 2523 αὐτοῦ
662 2457 805 2543 εὔλογιῶν
820 2455 1031 2545 ἐκληρώσατο,
1055 2455 1099 2536 ὡς
1115 2460 1164 2523 καί
1178 2460 1210 2522 ἐν
1222 2464 1261 2544 τῇ
1268 2460 1299 2520 Γ
1295 2457 1402 2523 rvi-20

262 2588 308 2630 σει
322 2563 455 2652 φίρεται.
506 2562 557 2627 καλ
572 2557 723 2643 ἐκοιμήθη
736 2563 768 2625 ἓν
780 2558 844 2647 όρει
855 2558 1003 2647 Λοόβαρ.

361 2665 419 2730 Ἕν
433 2666 466 2730 δὲ
479 2672 522 2753 τῷ
537 2662 646 2752 flwqa'
669 2663 727 2728 ἴτει
741 2670 795 2729 τοῦ
809 2660 941 2747 κόσμου,
969 2663 1038 2747 ήτοι
1054 2660 1132 2744 μετὰ
1148 2660 1291 2726 διακόσια
1307 2651 1358 2743 λ’τη

260 2773 317 2853 τῆς
332 2774 472 2854 τελευτῆς
481 2774 563 2849 Νιδε,
584 2768 761 2855 νεωτερίσας
777 2762 794 2833 ὁ
808 2774 863 2832 τοῦ
875 2767 955 2850 Χὰμ
968 2766 1035 2843 υίὸς
1047 2764 1179 2830 Χαναιλν
1190 2767 1283 2849 ίαίβη
1295 2773 1360 2841 τοῖς

260 2960 394 3017 definiret.
430 2962 529 3015 chamo
546 2967 632 3016 autem
649 2963 763 3017 seeundo
782 2980 830 3017 suo
845 2963 919 3032 filio,
936 2978 1031 3017 annum
1048 2959 1137 3029 agenti
1155 2959 1360 3031 quadringente·

262 3028 354 3084 simum
370 3032 518 3101 septimum,
533 3038 631 3084 terram
647 3031 749 3085 addixit
764 3048 832 3101 quae
848 3032 945 3085 Austro
963 3040 991 3085 et
1009 3030 1098 3084 Africo
1117 3038 1159 3083 ost
1175 3030 1310 3097 exposite,
1331 3038 1360 3083 et

281 3108 363 3153 artem
378 3100 545 3166 Occidentis,
572 3100 775 3153 aRinocoruris
792 3100 923 3169 Aegypti,
948 3098 1114 3168 Aethiopiam
1136 3100 1285 3167 Aegyptum
1310 3098 1361 3150 Li-

260 3116 339 3237 Eyam
358 3168 473 3222 Africam
491 3168 692 3235 Mauritaniam,
710 3185 794 3238 usque
810 3171 843 3222 ad
859 3169 990 3222 columnae
1007 3168 1148 3233 Herculis,
1164 3183 1211 3219 sau
1228 3182 1310 3235 nsque
1325 3169 1361 3221 ad

260 3238 395 3294 occiduum
413 3256 444 3291 ae
457 3238 572 3292 Africum
591 3254 714 3290 oceanum
733 3237 854 3303 fluvium,
883 3240 929 3307 qui
945 3238 1002 3290 aios
1019 3236 1118 3289 dicioni
1135 3235 1260 3289 terminus
1279 3246 1360 3304 esset,

259 3306 348 3363 Niium
365 3308 516 3377 constitnit,
536 3308 581 3378 qui
597 3306 665 3359 idem
685 3308 761 3359 Geon
778 3317 807 3361 et
822 3307 1021 3375 Chrysorrhoas
1038 3304 1130 3375 (quasi
1148 3306 1291 3373 aurifluus)
1310 3322 1360 3375 ap·

259 3376 380 3447 poliatur.
415 3378 507 3446 Iapeto
526 3376 605 3431 tertio
622 3376 678 3428 filio
695 3392 789 3429 annum
805 3376 895 3444 agenti
911 3376 972 3443 425,
990 3375 1112 3429 attribuit
1128 3375 1253 3445 quicquid
1270 3374 1358 3427 aMa-

259 3446 305 3498 dia
320 3446 352 3499 ad
365 3449 570 3515 septentrionem
588 3454 616 3499 at
634 3444 697 3499 soiis
715 3462 835 3499 occasum
852 3446 977 3515 pertinet,
995 3462 1078 3512 usque
1094 3444 1128 3497 ad
1142 3446 1232 3497 Gades
1244 3442 1359 3496 insuiss-

260 3530 312 3583 que
325 3516 508 3585 Britannicas,
532 3514 680 3568 Armeniam
703 3516 816 3572 Iberiam
839 3516 953 3568 Pontum
978 3513 1091 3567 Colchos
1117 3524 1197 3585 atque
1220 3511 1358 3565 ulteriores

260 3582 383 3650 regiones
409 3592 489 3665 atqua
514 3582 612 3636 insulas
636 3600 719 3652 nsque
745 3586 779 3638 ad
795 3583 912 3650 Italiam,
937 3584 1039 3638 Gaiiias
1063 3584 1218 3653 Hispaniam
1240 3582 1359 3634 Celtibe-

260 3650 326 3704 riam
346 3660 374 3705 et
385 3652 537 3705 Lusitanos.
572 3654 678 3705 eumad
696 3652 764 3705 hune
780 3657 883 3707 modum
899 3654 1036 3706 divisisset
1050 3652 1202 3725 scriptoque
1219 3667 1291 3703 suam
1308 3668 1358 3703 vo·

259 3717 385 3773 luntatem
401 3730 513 3774 testatus
531 3728 610 3785 assat,
627 3728 656 3772 ut
673 3722 830 3789 perhibent,
846 3723 873 3775 id
889 3722 941 3775 iliis
958 3722 1095 3788 recitavit,
1113 3729 1193 3787 atque
1208 3726 1271 3789 post
1286 3719 1359 3771 obsi-

260 3796 366 3910 protum
388 3806 469 3857 penes
489 3808 520 3843 aa
538 3786 653 3842 detinuit
668 3804 751 3856 usque
768 3791 803 3843 ad
820 3807 914 3843 annum
931 3793 965 3843 ab
982 3790 1081 3843 Ademo
1098 3789 1181 3854 2592,
1208 3804 1261 3854 quo
1276 3788 1359 3843 vitam

282 3856 358 3909 nivii.
393 3860 533 3912 moriturus
554 3856 638 3911 edem
657 3856 719 3908 iiiiis
743 3858 797 3911 suis
820 3858 954 3911 mandavit
970 3874 1004 3911 ne
1021 3859 1081 3927 quis
1096 3873 1187 3909 eorum
1205 3856 1297 3910 tramis
1314 3874 1359 3910 re-

182 3982 189 3995 ,
260 3926 365 3997 pionem
382 3926 521 3981 invaderet
537 3942 629 3980 eumve
647 3924 743 3978 iniuria
760 3926 848 3995 aliqua
863 3927 1000 3980 afficeret:
1025 3924 1141 3997 alioquin
1166 3924 1217 3977 Ιιοο
1238 3924 1277 3978 eis
1301 3926 1360 3978 dis·

260 3996 406 4049 cordianum
421 4004 448 4048 et
462 3996 589 4050 beliorum
606 3994 787 4048 intestinorum
801 4012 902 4049 oensem
920 3996 1067 4049 allaturum.
1084 4002 1265 4047 tastamentum
1279 3994 1359 4048 Semo

261 4064 361 4135 quippe
378 4070 467 4118 aetate
484 4084 516 4120 ac
532 4066 631 4135 pietate
650 4063 796 4133 praestanti
813 4064 936 4118 tradiditz
962 4064 986 4117 is
1004 4065 1075 4118 siin
1094 4062 1205 4131 imperio
1221 4063 1359 4131 successit,

261 4142 341 4203 atque
362 4132 470 4186 eximias
492 4134 699 4206 prosperitates,
725 4148 792 4201 quas
809 4134 835 4186 ei
851 4141 974 4203 precatus
990 4134 1079 4187 fueret
1095 4142 1188 4201 pater,
1211 4131 1360 4185 hereditate

260 4211 423 4325 consaeptup
434 4208 490 4271 est,
513 4205 584 4273 quod
606 4202 684 4258 καίτοι
700 4201 728 4255 in
744 4201 846 4256 Genesi
862 4203 989 4274 seriptum
1005 4210 1102 4256 exstat.
1137 4200 1257 4255 humatus
1273 4210 1315 4256 est
1329 4202 1359 4255 in

259 4279 349 4327 monte
388 4288 481 4325 uaso.

329 4342 405 4403 Anno
421 4336 509 4395 mundi
523 4340 602 4414 2791,
620 4338 697 4396 annis
712 4341 747 4397 ab
764 4338 838 4397 obitu
854 4339 933 4397 Noae
948 4338 1080 4410 daoeatis,
1095 4337 1190 4395 Ciani
1205 4338 1274 4394 iiiios
1286 4337 1359 4394 Oba·
