3134 4809
405 306 703 376 fflsromsltum
727 308 1021 383 COMPENDIUM.
1189 318 1264 391 353

164 476 361 564 ἀποκείμενον
379 486 447 557 ταῖς
467 480 583 561 λέξεσιν
606 477 740 566 ἀόρατον
758 486 840 547 ναόν.
892 478 1037 563 ὥσαότως
1051 486 1086 552 δέ
1100 492 1155 573 τῆς
1170 488 1265 574 αάτῆς

164 586 240 650 stolo
265 582 349 670 ἱερός
367 587 519 660 πολιτείας
534 586 586 648 καὶ
600 581 814 661 καταπόσεως
829 586 880 649 καὶ
895 594 1034 671 γυναῖκες
1038 636 1050 668 ,
1076 580 1118 655 ἀν
1133 591 1165 657 αἱ
1180 598 1264 660 πλεῖ-

163 712 235 751 σται
256 686 402 773 γηραλέαι
423 686 605 773 τυγχάνουσι
626 688 677 751 καί
698 688 865 774 παρθένοι,
899 690 950 753 καί
977 689 1033 774 τῆν
1063 688 1181 777 ἀγνείαν
1206 697 1261 763 οάκ

163 786 296 875 ἀνάγκῃ,
325 786 468 876 καθάπερ
491 790 566 856 ένιαι
588 793 650 857 τῶν
670 789 748 876 παρ’
766 788 909 873 Ἕλλησιν
929 791 1061 879 ίερειῶν,
1086 794 1261 881 φυλάξασαν

137 890 216 959 ὁδιά
235 890 420 979 πρόσκαιρον
435 892 557 958 ἔπαινον
562 940 573 971 ,
596 890 667 957 ἀλλ’
683 892 717 957 ix
730 895 934 983 προαιρέσεως
948 895 1070 981 ἀγαθῆς
1085 896 1260 984 δρεχθεῖσαι

159 995 202 1059 τά
215 996 365 1077 μέλλοντα
378 995 486 1079 ἀγαθὰ
501 999 552 1060 καί
566 992 685 1061 αίιόνια.

256 1096 325 1163 Ὅτι
339 1099 375 1163 δέ
387 1098 460 1175 sotir
472 1095 612 1185 πρώτους
624 1096 757 1186 κῆρυκας
770 1104 826 1181 τῆς
841 1096 920 1165 κατδ
932 1099 968 1166 τὸ
983 1098 1154 1187 εὐαγγέλιον
1170 1104 1256 1169 διδα-
1272 1114 1296 1171 Β

160 1200 289 1277 σκαλίας
308 1197 348 1266 τό
369 1227 401 1267 τε
425 1203 563 1286 ἀρχῆθεν
582 1201 661 1287 πρδς
678 1206 739 1267 τῶν
758 1199 936 1268 ἀποστόλων
952 1206 1185 1291 παραδεδομένα
1198 1204 1257 1292 έθη

160 1304 343 1386 καταλαβὼν
367 1300 384 1370 δ
409 1307 512 1369 Φίλων
532 1302 649 1391 έγραψε
670 1309 787 1383 ταῦτα,
812 1307 904 1371 παντί
919 1331 978 1371 που
999 1310 1110 1391 δῆλον,
1142 1304 1185 1385 ὥς
1206 1313 1258 1375 καί

118 1420 153 1474 10
160 1406 309 1488 Εάοέβιος
328 1406 360 1471 έν
376 1413 416 1493 τῇ
433 1408 664 1494 έκκλησιαοτικῆ
683 1407 801 1498 ἱστορίᾳ
821 1415 919 1474 ταῦτα
943 1410 1029 1495 λέγει.
1080 1406 1209 1488 ὃαάτδς
1222 1412 1258 1479 δὲ

159 1512 211 1573 καὶ
232 1510 264 1573 έν
284 1518 348 1586 τοῖς
367 1509 444 1597 πρδς
461 1513 606 1597 Μαρῖνον
627 1507 725 1575 τοῦτό
747 1534 851 1597 φησιν.
901 1507 1048 1588 ὥσαότως
1063 1516 1114 1578 καὶ
1131 1510 1147 1579 δ
1162 1514 1258 1599 μέγας

154 1608 339 1689 Ἀθανάσιός
362 1633 455 1700 φησι·
481 1611 537 1678 δόο
557 1613 618 1701 γὰρ
635 1611 716 1679 ὁδῶν
730 1616 780 1677 καί
794 1618 951 1680 πολιτειῶν
965 1614 1065 1681 οάσῶν
1080 1616 1112 1683 έν
1126 1622 1172 1705 τῷ
1185 1620 1256 1705 βίῳ,

157 1720 232 1797 μιοῖς
245 1716 301 1797 μὲν
313 1713 516 1803 μετριωτέρας
530 1718 581 1781 καί
596 1721 756 1799 βιωτικῆς,
779 1724 836 1781 τοῦ
860 1714 961 1803 γόμου
982 1720 1060 1803 λέγω
1067 1766 1078 1798 ,
1104 1716 1208 1807 ἑτέρας
1223 1720 1257 1786 δὲ

158 1818 316 1902 ἀγγελικῆς
327 1821 379 1883 καὶ
391 1819 593 1903 ἀποστολικῆς
602 1821 654 1885 καὶ
667 1817 913 1907 ἀνυπερβλήτου,
937 1827 991 1905 τῆς
1003 1823 1174 1908 παρθενίας
1186 1820 1256 1907 ῆτοι

114 1932 148 1988 ts
157 1926 211 2005 τῆς
225 1925 394 2005 μοναδικῆς
409 1924 576 2002 πολιτείας,
602 1925 630 1988 εἰ
650 1923 707 2005 μέν
727 1947 776 1999 τις
798 1923 854 2007 τὴν
875 1923 1023 2007 κοσμικὴν
1044 1924 1180 1991 τουτέστι
1200 1926 1255 1991 τὸν
1273 1976 1274 1979 ¹

154 2022 253 2109 γόμον
275 2025 389 2104 itone,
413 2026 533 2109 μέμψιν
552 2025 608 2092 οάκ
625 2024 701 2109 ἔχει,
719 2032 855 2093 τοσαῦτα
869 2028 902 2092 δέ
910 2028 1089 2115 χαρίσματα
1102 2026 1138 2092 οά
1151 2024 1292 2113 λῆμα-ο
1412 2104 1414 2109 ,

153 2147 222 2192 ται·
246 2124 378 2213 λῆψεται
391 2127 468 2216 μόρ,
490 2129 592 2212 ἐπειδὴ
608 2129 692 2217 φέρει
709 2131 760 2195 καὶ
775 2128 867 2207 αδτδς
882 2132 999 2218 καρπὸν
1012 2130 1066 2197 τὸν
1080 2128 1252 2218 τριάκοντα.

155 2234 182 2295 εί
206 2232 239 2297 δέ
259 2232 316 2314 τῆν
338 2230 432 2317 ἀμνὴν
452 2234 505 2297 καί
523 2229 727 2319 δπερκόσμιον
741 2230 909 2299 ἀσπάσοιτό
923 2259 986 2313 τις,
1012 2235 1039 2299 εί
1056 2235 1108 2299 καὶ
1125 2244 1251 2321 τραχεῖα

153 2334 238 2421 παρὰ
264 2333 322 2417 τὴν
346 2334 458 2422 ἀρετὴν
479 2331 615 2418 μάλιστα
638 2337 690 2399 καί
711 2332 969 2421 δυσκατόρθωτος
991 2338 1149 2423 φαίνεται,
1175 2336 1249 2401 ἀλλ’

109 2433 213 2519 migro
233 2438 311 2520 μετὰ
333 2438 390 2522 τῆν
409 2436 534 2521 έννομον
548 2436 681 2520 ἀθλησιν
695 2440 747 2503 καὶ
762 2438 923 2523 καρτερίαν
931 2440 1109 2525 χαρίσματα
1120 2444 1250 2521 θαυμα-

151 2537 282 2626 σιώτερα
296 2543 348 2605 καί
363 2537 549 2627 ἀξιόγαστα·
571 2539 625 2606 τόν
638 2541 699 2628 γὰρ
713 2541 825 2606 τέλειον
839 2543 889 2605 καί
901 2540 1107 2627 πληρέστατον
1120 2538 1248 2628 καρπόν,

150 2642 206 2725 τῆν
226 2640 412 2708 {aaronita
429 2645 506 2729 λέγω
513 2694 523 2723 ,
549 2644 680 2733 φαιδρὸν
692 2646 742 2709 καλ
755 2640 924 2729 ἀγιοπριπῆ
935 2641 1055 2721 πάντας
1070 2644 1248 2728 ἐγκατέστη-

151 2768 213 2811 σεν.
264 2744 375 2811 οάκοῦν
386 2743 487 2834 ὥσπερ
501 2744 518 2811 δ
531 2748 660 2825 παλαιὸς
671 2745 765 2831 νόμος
776 2751 820 2824 είς
835 2743 891 2813 δόο
905 2749 994 2830 βίους
1007 2739 1044 2833 ἦν
1059 2748 1247 2836 διῃρημένος,

218 2926 252 2982 17
268 2920 322 2995 τῆν
339 2920 548 2995 τριακοντόδαί
650 2929 685 2984 19
700 2906 765 2997 περί
780 2922 835 2997 τὴν
849 2919 960 2999 niptris?

148 3096 251 3133 murus.
285 3080 376 3134 cedem
399 3087 442 3135 est
467 3086 495 3135 et
519 3099 650 3139 morsuum
675 3083 810 3146 mulierum
828 3082 1004 3137 conversatio.
1039 3082 1113 3154 plere
1147 3100 1182 3137 ue
1198 3100 1246 3137 es-

147 3166 206 3201 rum
223 3148 328 3200 vetulae
343 3150 396 3203 ism
412 3151 592 3219 virginitatem
605 3171 658 3207 non
671 3162 792 3221 coactos,
810 3152 888 3206 sicuti
901 3152 1028 3220 quaedem
1042 3152 1111 3221 apud
1153 3169 1247 3207 rsecos

147 3216 300 3269 secerdotes
323 3227 520 3272 momentaneae
540 3220 626 3275 lundis
647 3240 738 3291 conss,
764 3222 813 3276 sed
828 3220 948 3275 instituto
965 3220 1034 3272 bono
1050 3236 1083 3272 oc
1099 3220 1246 3289 cupiditate

145 3286 292 3341 futurorum
310 3294 389 3355 utque
406 3296 571 3341 aeternorum
587 3292 714 3347 bonorum
729 3296 930 3344 conservarunt.

216 3354 330 3408 Constat
346 3363 431 3407 sutem
447 3355 583 3412 Philonem
596 3359 663 3412 hsec
672 3358 827 3429 scripsisse,
847 3374 898 3426 quo
910 3363 1028 3424 tompore
1040 3353 1149 3425 priscum
1162 3370 1245 3407 ersu-

145 3423 209 3495 pslil
227 3423 393 3492 praeconium
411 3423 571 3492 divulgetum
588 3434 646 3494 est,
670 3444 729 3480 cum
753 3426 876 3479 instituta
893 3423 1068 3494 apostulorum
1086 3424 1169 3505 prims
1185 3422 1245 3493 ipse

145 3493 268 3550 vidisset.
303 3492 384 3562 idque
405 3493 536 3546 Euscbius
557 3494 586 3548 in
605 3496 717 3548 historio
739 3493 918 3548 ecclesisstics
934 3498 963 3546 et
979 3491 1013 3544 sd
1029 3492 1160 3545 lllsmnum
1177 3492 1246 3544 scri·

144 3563 211 3618 bens
227 3569 350 3616 testetur.
386 3563 479 3617 eodem
493 3564 570 3617 modo
587 3564 666 3618 etism
683 3580 792 3633 maguus
808 3562 853 3615 ille
869 3561 1027 3614 Athanasius
1049 3560 1151 3613 scribit.
1187 3576 1245 3615 cum

61 3628 70 3637 “
144 3633 227 3700 euim,
250 3632 351 3701 iuquit,
375 3632 427 3686 <luo
443 3632 497 3685 sint
513 3633 586 3687 vitoe
603 3650 718 3702 genero,
740 3632 871 3687 mediocre
888 3645 965 3684 unum
984 3637 1011 3682 et
1027 3630 1154 3683 humsnse
1171 3628 1245 3683 vitae

143 3703 378 3769 sccommodutum,
396 3701 467 3772 quod
484 3701 570 3755 estin
586 3703 765 3757 mstrimonio=
783 3701 892 3755 ultorum
909 3696 1053 3769 sngelicum
1072 3706 1099 3752 et
1116 3696 1245 3769 apostoli-

143 3786 201 3822 cum
220 3781 300 3839 stque
316 3771 536 3841 incomparabile,
557 3772 627 3841 quod
645 3780 686 3826 est
701 3770 865 3840 virginitstis
888 3778 968 3839 etque
985 3768 1145 3822 monosticon
1161 3766 1243 3836 vitro,

142 3838 168 3892 si
185 3839 244 3908 quis
261 3857 324 3892 sune
343 3841 514 3907 mundanum,
540 3839 570 3894 id
592 3850 635 3896 est
658 3842 789 3909 coniugii,
814 3840 950 3907 ingressus
974 3838 1070 3907 luerit,
1098 3837 1242 3907 culpandus

142 3924 196 3961 nou
219 3916 275 3975 cst,
303 3910 371 3962 dous
394 3918 481 3963 tomen
502 3917 577 3963 tsnts
594 3928 647 3964 non
663 3910 794 3981 recipiet:
820 3907 934 3978 accipiet
950 3914 1053 3975 temen,
1082 3905 1144 3976 quin
1161 3905 1185 3959 is
1203 3910 1245 3961 ert

141 3976 586 4116 ttittttll‘tntlt
603 3976 1244 4133 plltlsslql}tritolllllllltlltltt

139 4122 228 4169 temen
245 4112 361 4183 legitime
378 4116 498 4169 coniecto
519 4118 660 4171 certamine
679 4117 852 4187 tolssstrsque
868 4115 999 4170 aerumnis
1012 4114 1081 4167 dono
1094 4128 1241 4183 conseque-

139 4191 184 4238 tur
201 4184 301 4237 msiore
318 4181 399 4251 digm
414 4185 599 4240 sdmirstiouee
621 4185 682 4241 tulit
699 4188 768 4241 enim
784 4186 896 4240 fructum
913 4184 1079 4267 centuplum,
1096 4183 1241 4267 perlectum

140 4260 169 4307 et
191 4252 384 4339 plenissimum,
412 4252 811 4341 splendidum·omuiuo·etqus
834 4254 1079 4376 senem-dipmtste
1101 4250 1239 4322 ruslgusm.

139 4338 193 4395 quo
206 4333 289 4393 sgstur
304 4322 382 4376 modo
400 4331 510 4393 rumque
525 4323 568 4379 lex
584 4342 614 4381 sn
630 4326 683 4383 ‹luo
700 4334 774 4383 rutro
789 4340 890 4397 gessen
907 4324 961 4379 lut
1003 4318 1115 4393 stluotr,
1131 4320 1240 4377 emron

182 4402 283 4477 cmg.
305 4400 437 4459 δεδετπειι
457 4409 519 4460 τοι,
541 4404 563 4459 l.
991 4340 1034 4463 ¹28
