3134 4809
303 292 381 373 536,
659 290 844 372 GEOBGH
864 288 1048 364 OEDRBNI

297 462 490 551 ‘faixoprosoi
510 470 556 553 τῷ
579 458 711 551 δεσπότῃ
729 488 792 549 μου
813 464 944 553 Χριστῷ
964 455 1055 537 soriti
1077 484 1130 545 μοι
1152 460 1412 553 προιαησαμίνρι,

299 570 352 633 ῖνα
376 570 420 651 μὴ
443 569 477 635 τὸ
502 569 719 635 ἀναιδέστατον
742 568 794 633 καλ
816 563 1018 651 maulam&
1031 590 1088 631 σου
1101 560 1264 649 θεάσωμαι
1278 564 1411 656 πρόσοι-

302 670 395 737 πον.”

385 761 507 857 ιΟὗτος
530 769 583 835 τὸν
601 770 697 855 μίγαν
716 765 903 836 Ἀθαναίσιον
924 776 980 853 τῆς
1001 768 1160 855 ἐκκλησίας
1184 770 1318 849 ἐξελθεῖν
1339 770 1409 837 ἐκί-

302 882 406 953 λευσε,
438 879 499 939 τῶν
517 869 670 956 Ἑλλήνων
692 874 786 939 αὐτὸν
807 871 1051 961 παροξυνάντων.
1102 870 1118 938 ὃ
1148 872 1182 938 δέ
1209 870 1434 958 ἐξερχόμενοςὸ

300 984 430 1065 θαρρεῖν
458 973 520 1041 sina
547 980 745 1061 Χριστιανοῖς
772 986 836 1053 τοῖς
862 973 937 1064 ιλπέρ
965 978 1059 1041 αὐτοῦ
1079 971 1262 1060 δακρύουσι·
1293 972 1408 1063 “riop-

303 1081 421 1161 σεῖτε,”
450 1080 543 1169 φησί,
563 1076 661 1159 “lube
683 1086 739 1147 τοῦ
752 1082 910 1167 Χριστοῦ·
938 1075 1101 1169 νεφιίέριόν
1113 1081 1195 1161 ἐστι,
1221 1081 1273 1144 καὶ
1287 1081 1412 1167 παρίρ·

299 1182 422 1271 χεται.”
507 1241 510 1247 ,

404 1282 531 1371 Διάγων
553 1285 587 1351 δέ
603 1282 765 1361 Ἰουλιανὸς
780 1284 812 1347 ἐν
822 1280 1005 1373 Ἀντιοχείρ,
1025 1282 1076 1347 καλ
1091 1286 1223 1365 συνεχεῖς
1239 1276 1408 1370 Maiora

302 1388 395 1453 ἀνιὼν
416 1390 467 1453 καί
489 1388 524 1453 τὸ
546 1393 603 1453 τοῦ
617 1384 808 1465 Ἀπόλλωνος
825 1382 1003 1473 θεραπεύων
1019 1385 1143 1451 εἴδωλον
1164 1377 1222 1469 (ἦν
1235 1383 1295 1471 γὰρ
1308 1386 1407 1451 ἐκεῖσε
1418 1400 1452 1455 1⁰

300 1490 486 1574 θαυμαστὸν
504 1491 590 1575 ἐργον
607 1489 760 1577 Βρίξιδος
776 1490 1042 1577 ἀγαλματοποιοῦ,
1065 1486 1082 1553 ὃ
1098 1486 1188 1571 μήτις
1206 1486 1298 1565 ἄλλος
1314 1487 1408 1573 ἴσχυ-

302 1618 353 1660 σεν
377 1589 648 1678 ἐκμιμήσασθαι),
674 1594 751 1680 παρ’
770 1594 866 1659 αὐτοῦ
875 1592 1017 1681 χρησμὸν
1031 1587 1142 1675 ἐζήτει,
1169 1590 1242 1657 ἀλλ’
1258 1590 1409 1675 οὐδεμιᾶς

264 1703 289 1757 c
307 1700 494 1782 ἀποκρίσεως
518 1696 613 1779 ἐτοχι.
661 1700 790 1781 νομίσας
810 1698 844 1761 δέ
863 1694 908 1761 ὅτι
930 1694 982 1759 διὰ
998 1694 1037 1762 τὰ
1051 1696 1082 1759 ἐν
1097 1700 1135 1782 τῇ
1149 1690 1269 1781 Διίιρνχι
1280 1694 1409 1762 ἀποκεί-

301 1825 379 1882 μενα
402 1802 534 1882 λείψανα
554 1806 611 1867 τοῦ
631 1794 717 1884 ἁγίου
738 1796 959 1886 λερομιίρτυρος
982 1795 1115 1879 Βαβύλα
1135 1796 1313 1887 ιλποσιωπᾷ,
1340 1800 1410 1865 ἐκέ-

302 1906 408 1971 λευσεν
427 1901 548 1968 ἅπαντα
568 1907 783 1985 μετατεθῆναι.
805 1980 809 1991 ,
836 1893 873 1965 οὗ
896 1900 1056 1985 γενομίνου
1079 1898 1204 1985 ἀθρόως
1221 1905 1282 1985 πῦρ
1299 1902 1332 1965 ἐκ
1349 1909 1407 1967 τοῦ
1416 1908 1448 1965 15

302 2004 436 2088 οὐρανοῦ
446 2006 598 2068 κατελθὸν
609 2005 705 2089 ἐκείνη
716 2011 755 2090 τῇ
768 2006 851 2067 νυκτὶ
864 2000 918 2067 τόν
931 2028 962 2069 τε
977 2002 1050 2088 ναὸν
1062 2004 1223 2091 κατέφλεξε
1236 2006 1288 2067 καὶ
1302 2003 1337 2069 τὸ
1350 2012 1408 2070 τοῦ

298 2104 487 2185 ’Λπόλλωνος
501 2104 636 2191 ἄγαλμα,
662 2106 739 2173 ὥστε
753 2107 832 2190 μηδὲ
847 2106 930 2189 ίχνος
944 2107 1040 2172 αὐτοῦ
1053 2111 1197 2195 φανῆναι.
1248 2108 1408 2191 ἐκπλαγεῖς

303 2200 357 2273 οὖν
374 2210 422 2273 ἐπὶ
437 2206 535 2296 τούτῳ
551 2206 567 2274 ὁ
582 2206 710 2297 μιαρός,
736 2213 787 2274 καλ
801 2212 929 2293 νομίσας
944 2208 1014 2273 κατ’
1031 2207 1195 2292 ἐπιβουλὴν
1209 2210 1406 2295 Χριστιανῶν

301 2313 444 2397 γενέσθαι
450 2360 462 2391 ,
487 2312 536 2378 ἐπ’
560 2314 693 2391 ἐξέτασιν
711 2320 773 2395 τῶν
794 2312 895 2400 ἱερέων
915 2311 1030 2400 ἐχώρει.
1082 2312 1132 2379 καλ
1147 2314 1408 2397 παντοίωςτιμω-

303 2413 473 2503 ρησιλμενος
488 2413 566 2504 ὥστε
582 2418 637 2483 καί
650 2442 734 2493 τινας
750 2416 850 2483 αὐτῶν
865 2404 1048 2493 ἀποθανεῖν,
1073 2422 1164 2481 τοῦτο
1180 2412 1275 2497 μόνον
1292 2416 1447 2500 ἥκοι·σεῦ

303 2521 381 2605 παρ’
408 2521 526 2599 αὐτῶν,
551 2518 598 2586 ὅτι
621 2520 690 2586 οὔτε
708 2516 768 2585 ὕπὸ
790 2523 986 2605 Χριστιανῶν
1001 2516 1077 2583 οὔθ’
1093 2514 1153 2583 inb
1170 2517 1265 2601 ἄλλης
1277 2520 1406 2607 ἀνθρω-

304 2624 392 2705 πίνης
404 2625 584 2705 ἐπιβουλῆς,
611 2624 680 2687 ἀλλ’
697 2623 729 2685 ἐκ
742 2628 797 2686 τοῦ
813 2620 945 2706 οὐρανοῦ
956 2625 1016 2705 πῦρ
1031 2622 1183 2687 κατελθὸν
1195 2622 1338 2708 ἐνέπρησε
1353 2627 1405 2690 καὶ

302 2723 357 2787 τὸν
377 2723 452 2788 ναὸν
473 2727 523 2788 καὶ
544 2726 579 2789 τὸ
599 2723 732 2809 ἄγαλμα.
782 2726 946 2805 θυμωθείς
961 2715 1014 2789 οὖν
1030 2719 1045 2786 ὃ
1062 2722 1245 2811 παραβάτης
1259 2730 1310 2791 καὶ
1325 2734 1404 2793 θεο-

263 2823 404 2908 apolog
421 2824 476 2909 τὴν
491 2823 805 2913 μεγάληνέκκλησίαν
815 2825 996 2911 Ἀντιοχείας
1013 2826 1167 2893 ἀπέκλεισε
1183 2831 1234 2895 καὶ
1250 2828 1346 2915 πάντα
1362 2830 1402 2895 τὰ

302 3072 355 3124 qus
378 3055 519 3139 respoudit
540 3050 658 3125 “gratias
682 3074 732 3127 ugo
755 3055 860 3109 domino
886 3072 943 3109 nso
961 3054 1084 3125 annom,
1110 3058 1158 3129 qui
1176 3059 1242 3123 mihi
1259 3058 1307 3114 hoe
1320 3066 1402 3131 paeto

301 3136 441 3249 prospexit
465 3144 500 3181 ns
522 3126 773 3196 impudentissimum
797 3135 868 3179 tuum
893 3132 973 3195 atque
1000 3124 1183 3197 impiissimum
1214 3128 1316 3184 videam
1341 3132 1402 3185 vul-

315 3211 366 3248 uro.

308 3316 312 3321 .
371 3262 443 3317 Idem
466 3262 583 3316 Iulianus
608 3262 720 3317 Graecis
743 3260 929 3330 instigantibus
953 3278 1072 3331 magnum
1094 3264 1263 3321 Athanasium
1290 3268 1405 3325 aedesio

302 3332 413 3403 expulit.
447 3332 494 3401 qui
510 3332 602 3386 abiens
618 3330 785 3385 Christianos
802 3348 881 3401 super
897 3332 954 3401 ipso
973 3332 1068 3385 flentes
1084 3334 1153 3387 bono
1172 3354 1231 3391 essa
1246 3336 1331 3392 animo
1345 3342 1401 3394 im.

301 3400 352 3455 sit:
379 3401 532 3455 nubeculam
549 3402 618 3455 enim
634 3403 702 3453 hanc
717 3400 794 3453 brevi
812 3400 988 3453 transituram.

369 3468 476 3539 Dogana
491 3472 654 3523 Antiocheae
667 3469 784 3522 Iulianus
799 3487 830 3523 ac
846 3471 938 3523 crebro
953 3468 981 3521 in
995 3469 1104 3539 Daphne
1120 3472 1302 3542 obambulans,
1319 3474 1405 3547 Apol-

302 3536 416 3608 linisque
432 3538 595 3593 simulacrum
613 3540 715 3604 colens,
740 3538 811 3607 qnod
829 3538 867 3592 ibi
884 3530 1049 3606 erst,'ppns
1067 3540 1192 3608 Bryxidia
1218 3545 1337 3597 statuarii
1355 3548 1404 3601 arl-

302 3608 456 3676 mirandum,
473 3609 545 3676 quod
556 3607 681 3661 imitando
696 3625 728 3659 ue
747 3624 810 3659 uara
828 3624 902 3660 nemo
919 3614 1049 3677 potuerat,
1066 3610 1197 3663 oraculum
1211 3615 1244 3665 ab
1260 3633 1292 3667 eo
1308 3634 1405 3684 posoe.

302 3678 359 3731 bat.
395 3694 451 3729 oum
468 3694 533 3729 vero
550 3676 615 3729 nibil
629 3626 851 3745 responieretun
874 3674 999 3745 reliquias
1023 3677 1109 3731 suncti
1128 3682 1251 3747 niartyris
1274 3683 1406 3755 Babyka,

303 3762 372 3812 quae
390 3746 418 3799 in
435 3746 547 3816 Daphne
564 3754 641 3799 erant
655 3742 803 3815 repositae,
821 3746 848 3796 in
866 3762 943 3797 causa
962 3764 1021 3798 esse
1038 3754 1110 3799 ratus
1128 3750 1266 3804 transferri
1283 3770 1327 3805 esa
1343 3752 1407 3809 inda

303 3814 390 3867 iussit.
426 3832 477 3883 quo
494 3814 583 3882 facto,
605 3816 695 3867 eadem
713 3823 791 3866 nocte
807 3813 877 3883 ignis
894 3814 1031 3867 confertim
1049 3814 1122 3867 eaelo
1141 3816 1241 3873 delatus
1259 3823 1349 3875 aedem
1366 3824 1405 3877 si-

303 3882 496 3951 mulacrumque
518 3883 674 3950 combussit,
700 3883 738 3936 ita
759 3891 790 3935 ut
814 3900 846 3934 ne
871 3884 1010 3951 vestigium
1034 3886 1139 3965 quidem
1163 3888 1219 3940 eius
1240 3904 1406 3960 superesset.

304 3968 337 4001 aa
357 3968 388 4003 re
410 3952 506 4021 impius
527 3952 573 4005 ille
596 3952 748 4022 perculsus,
774 3950 932 4021 insidiisque
950 3951 1158 4007 Christianorum
1182 3957 1278 4011 iactum
1299 3972 1407 4029 putans,

302 4019 454 4073 sacerdotes
472 4022 552 4075 torsit
572 4022 707 4090 variisque
730 4020 867 4089 suppliciis
893 4022 999 4087 affecit,
1027 4020 1065 4073 ita
1090 4032 1118 4075 ut
1141 4023 1220 4078 etiarn
1245 4026 1349 4098 aliquot
1373 4032 1407 4085 da

301 4085 336 4138 iis
353 4099 525 4143 morerentur.
561 4090 611 4143 hoo
635 4102 720 4142 autern
741 4090 918 4141 tantummodo
936 4106 967 4141 ex
987 4090 1020 4143 iis
1036 4090 1139 4145 rettulit
1155 4096 1293 4165 responsi.
1320 4116 1353 4151 ne
1375 4116 1407 4153 ue

301 4154 511 4212 Christianorum
528 4178 613 4231 neque
629 4159 706 4212 ullius
723 4158 828 4211 omnino
846 4156 956 4211 hominis
975 4176 1069 4229 opera,
1087 4162 1213 4232 sedigno
1229 4118 1406 4223 caelitusie-

301 4223 355 4276 lato
378 4226 470 4278 aedem
492 4236 572 4297 atque
594 4226 758 4281 simulacrum
782 4224 968 4295 coirflagrasse.
1012 4239 1154 4297 propterea
1176 4230 1260 4289 iratus
1285 4254 1407 4305 magnam

301 4290 464 4346 Antiocheae
480 4298 574 4351 aedem
590 4296 699 4352 reclusit
713 4294 852 4367 omniaque
872 4296 969 4367 templs
983 4296 1159 4369 depraedatus
1176 4312 1226 4357 ost.
1260 4304 1334 4361 missi
1354 4324 1405 4361 aa·
