<?xml version="1.0" encoding="UTF-8"?>
<!DOCTYPE html PUBLIC "-//W3C//DTD XHTML 1.0 Transitional//EN"
    "http://www.w3.org/TR/xhtml1/DTD/xhtml1-transitional.dtd">
<html xmlns="http://www.w3.org/1999/xhtml" xml:lang="en" lang="en">
 <head>
  <title>
</title>
<meta http-equiv="Content-Type" content="text/html;charset=utf-8" />
  <meta name='ocr-system' content='tesseract 3.04.00' />
  <meta name='ocr-capabilities' content='ocr_page ocr_carea ocr_par ocr_line ocrx_word'/>
</head>
<body>
  <div class='ocr_page' id='page_1' title='image "./corpusscriptoru47theogoog_0016.png"; bbox 0 0 3134 4809; ppageno 0'>
   <div class='ocr_carea' id='block_1_1' title="bbox 184 313 980 380">
    <p class='ocr_par' dir='ltr' id='par_1_1' title="bbox 184 313 980 380">
     <span class='ocr_line' id='line_1_1' title="bbox 184 313 980 380; baseline -0.004 0"><span class='ocrx_word' id='word_1_1' title='bbox 184 324 189 337; x_wconf 90' lang='lat'><em>&#39;</em></span> <span class='ocrx_word' id='word_1_2' title='bbox 284 340 334 380; x_wconf 76' lang='lat' dir='ltr'>nu</span> <span class='ocrx_word' id='word_1_3' title='bbox 688 313 980 379; x_wconf 72' lang='lat' dir='ltr'>XYLANDR!</span> 
     </span>
    </p>
   </div>
   <div class='ocr_carea' id='block_1_2' title="bbox 249 482 1391 2397">
    <p class='ocr_par' dir='ltr' id='par_1_2' title="bbox 249 482 1384 1379">
     <span class='ocr_line' id='line_1_2' title="bbox 281 482 1380 569; baseline 0.005 -22"><span class='ocrx_word' id='word_1_4' title='bbox 281 482 417 547; x_wconf 84' lang='lat' dir='ltr'>cordarer</span> <span class='ocrx_word' id='word_1_5' title='bbox 429 484 467 548; x_wconf 91' lang='lat' dir='ltr'>de</span> <span class='ocrx_word' id='word_1_6' title='bbox 479 485 575 569; x_wconf 88' lang='lat' dir='ltr'>priore</span> <span class='ocrx_word' id='word_1_7' title='bbox 588 483 657 548; x_wconf 86' lang='lat' dir='ltr'>alibi</span> <span class='ocrx_word' id='word_1_8' title='bbox 678 504 723 548; x_wconf 90' lang='lat' dir='ltr'>me</span> <span class='ocrx_word' id='word_1_9' title='bbox 742 482 868 549; x_wconf 83' lang='lat' dir='ltr'>nonnihil</span> <span class='ocrx_word' id='word_1_10' title='bbox 889 484 973 547; x_wconf 84' lang='lat' dir='ltr'>etiam</span> <span class='ocrx_word' id='word_1_11' title='bbox 992 482 1107 549; x_wconf 84' lang='lat' dir='ltr'>dixisse.</span> <span class='ocrx_word' id='word_1_12' title='bbox 1149 486 1241 552; x_wconf 86' lang='lat' dir='ltr'>sedet</span> <span class='ocrx_word' id='word_1_13' title='bbox 1260 487 1380 552; x_wconf 84' lang='lat' dir='ltr'>elieumu</span> 
     </span>
     <span class='ocr_line' id='line_1_3' title="bbox 280 583 1379 671; baseline 0.005 -26"><span class='ocrx_word' id='word_1_14' title='bbox 280 584 384 669; x_wconf 79' lang='lat' dir='ltr'>aliquid</span> <span class='ocrx_word' id='word_1_15' title='bbox 398 586 524 669; x_wconf 82' lang='lat' dir='ltr'>personis</span> <span class='ocrx_word' id='word_1_16' title='bbox 546 587 647 651; x_wconf 83' lang='lat' dir='ltr'>vestris</span> <span class='ocrx_word' id='word_1_17' title='bbox 661 598 706 651; x_wconf 84' lang='lat' dir='ltr'>aut</span> <span class='ocrx_word' id='word_1_18' title='bbox 719 594 871 671; x_wconf 87' lang='lat' dir='ltr'>praesente</span> <span class='ocrx_word' id='word_1_19' title='bbox 884 583 1019 660; x_wconf 82' lang='lat' dir='ltr'>instituto,</span> <span class='ocrx_word' id='word_1_20' title='bbox 1040 585 1135 671; x_wconf 78' lang='lat' dir='ltr'>quadra</span> <span class='ocrx_word' id='word_1_21' title='bbox 1148 588 1185 651; x_wconf 90' lang='lat' dir='ltr'>ad</span> <span class='ocrx_word' id='word_1_22' title='bbox 1200 589 1319 653; x_wconf 85' lang='lat' dir='ltr'>animum</span> <span class='ocrx_word' id='word_1_23' title='bbox 1333 611 1379 651; x_wconf 87' lang='lat' dir='ltr'>ae·</span> 
     </span>
     <span class='ocr_line' id='line_1_4' title="bbox 281 684 1379 775; baseline 0.005 -27"><span class='ocrx_word' id='word_1_24' title='bbox 281 685 410 749; x_wconf 80' lang='lat' dir='ltr'>sidebant</span> <span class='ocrx_word' id='word_1_25' title='bbox 422 686 504 751; x_wconf 83' lang='lat' dir='ltr'>mudte</span> <span class='ocrx_word' id='word_1_26' title='bbox 519 700 600 775; x_wconf 83' lang='lat' dir='ltr'>etque</span> <span class='ocrx_word' id='word_1_27' title='bbox 615 691 711 763; x_wconf 82' lang='lat' dir='ltr'>varie,</span> <span class='ocrx_word' id='word_1_28' title='bbox 733 690 761 751; x_wconf 92' lang='lat' dir='ltr'>iu</span> <span class='ocrx_word' id='word_1_29' title='bbox 777 685 898 749; x_wconf 86' lang='lat' dir='ltr'>medium</span> <span class='ocrx_word' id='word_1_30' title='bbox 914 684 1021 749; x_wconf 82' lang='lat' dir='ltr'>ed&#39;erre</span> <span class='ocrx_word' id='word_1_31' title='bbox 1034 686 1253 774; x_wconf 79' lang='lat' dir='ltr'>intempestiuum</span> <span class='ocrx_word' id='word_1_32' title='bbox 1265 688 1379 753; x_wconf 83' lang='lat' dir='ltr'>videba-</span> 
     </span>
     <span class='ocr_line' id='line_1_5' title="bbox 281 785 1380 877; baseline 0.002 -27"><span class='ocrx_word' id='word_1_33' title='bbox 281 800 327 851; x_wconf 91' lang='lat' dir='ltr'>tur</span> <span class='ocrx_word' id='word_1_34' title='bbox 346 800 428 873; x_wconf 87' lang='lat' dir='ltr'>utque</span> <span class='ocrx_word' id='word_1_35' title='bbox 442 786 578 853; x_wconf 85' lang='lat' dir='ltr'>insolens:</span> <span class='ocrx_word' id='word_1_36' title='bbox 618 786 798 875; x_wconf 82' lang='lat' dir='ltr'>nequeenim</span> <span class='ocrx_word' id='word_1_37' title='bbox 824 785 932 849; x_wconf 87' lang='lat' dir='ltr'>laudari</span> <span class='ocrx_word' id='word_1_38' title='bbox 957 786 1108 852; x_wconf 73' lang='lat' dir='ltr'>sentiebam</span> <span class='ocrx_word' id='word_1_39' title='bbox 1126 811 1188 853; x_wconf 89' lang='lat' dir='ltr'>eum</span> <span class='ocrx_word' id='word_1_40' title='bbox 1207 792 1254 877; x_wconf 82' lang='lat' dir='ltr'>qui</span> <span class='ocrx_word' id='word_1_41' title='bbox 1272 790 1380 876; x_wconf 84' lang='lat' dir='ltr'>delphi·</span> 
     </span>
     <span class='ocr_line' id='line_1_6' title="bbox 284 888 1381 976; baseline 0.003 -25"><span class='ocrx_word' id='word_1_42' title='bbox 284 910 347 951; x_wconf 89' lang='lat' dir='ltr'>num</span> <span class='ocrx_word' id='word_1_43' title='bbox 367 888 445 953; x_wconf 82' lang='lat' dir='ltr'>silvis</span> <span class='ocrx_word' id='word_1_44' title='bbox 461 891 601 976; x_wconf 76' lang='lat' dir='ltr'>appinxit,</span> <span class='ocrx_word' id='word_1_45' title='bbox 625 890 751 954; x_wconf 86' lang='lat' dir='ltr'>ductibus</span> <span class='ocrx_word' id='word_1_46' title='bbox 770 910 876 972; x_wconf 81' lang='lat' dir='ltr'>aprum.</span> <span class='ocrx_word' id='word_1_47' title='bbox 920 889 1013 972; x_wconf 83' lang='lat' dir='ltr'>itaque</span> <span class='ocrx_word' id='word_1_48' title='bbox 1035 888 1236 973; x_wconf 73' lang='lat' dir='ltr'>inpraesentia</span> <span class='ocrx_word' id='word_1_49' title='bbox 1250 894 1318 956; x_wconf 85' lang='lat' dir='ltr'>setis</span> <span class='ocrx_word' id='word_1_50' title='bbox 1331 892 1381 954; x_wconf 86' lang='lat' dir='ltr'>be·</span> 
     </span>
     <span class='ocr_line' id='line_1_7' title="bbox 284 988 1381 1077; baseline 0.002 -24"><span class='ocrx_word' id='word_1_51' title='bbox 284 990 331 1055; x_wconf 91' lang='lat' dir='ltr'>bui</span> <span class='ocrx_word' id='word_1_52' title='bbox 350 1012 440 1077; x_wconf 88' lang='lat' dir='ltr'>peuce</span> <span class='ocrx_word' id='word_1_53' title='bbox 454 990 492 1054; x_wconf 92' lang='lat' dir='ltr'>de</span> <span class='ocrx_word' id='word_1_54' title='bbox 513 992 576 1077; x_wconf 89' lang='lat' dir='ltr'>ipso</span> <span class='ocrx_word' id='word_1_55' title='bbox 596 990 652 1053; x_wconf 88' lang='lat' dir='ltr'>hoc</span> <span class='ocrx_word' id='word_1_56' title='bbox 673 988 808 1053; x_wconf 85' lang='lat' dir='ltr'>historico</span> <span class='ocrx_word' id='word_1_57' title='bbox 821 1008 912 1072; x_wconf 86' lang='lat' dir='ltr'>opere</span> <span class='ocrx_word' id='word_1_58' title='bbox 924 998 954 1049; x_wconf 89' lang='lat' dir='ltr'>et</span> <span class='ocrx_word' id='word_1_59' title='bbox 966 1010 1030 1051; x_wconf 89' lang='lat' dir='ltr'>mea</span> <span class='ocrx_word' id='word_1_60' title='bbox 1042 1012 1123 1075; x_wconf 88' lang='lat' dir='ltr'>quam</span> <span class='ocrx_word' id='word_1_61' title='bbox 1144 993 1223 1058; x_wconf 86' lang='lat' dir='ltr'>vobis</span> <span class='ocrx_word' id='word_1_62' title='bbox 1240 1015 1275 1056; x_wconf 89' lang='lat' dir='ltr'>ac</span> <span class='ocrx_word' id='word_1_63' title='bbox 1289 994 1381 1077; x_wconf 80' lang='lat' dir='ltr'>reipu</span> 
     </span>
     <span class='ocr_line' id='line_1_8' title="bbox 284 1086 1383 1175; baseline 0 -20"><span class='ocrx_word' id='word_1_64' title='bbox 284 1092 376 1155; x_wconf 83' lang='lat' dir='ltr'>blicae</span> <span class='ocrx_word' id='word_1_65' title='bbox 390 1093 418 1156; x_wconf 86' lang='lat' dir='ltr'>in</span> <span class='ocrx_word' id='word_1_66' title='bbox 443 1112 479 1156; x_wconf 88' lang='lat' dir='ltr'>eo</span> <span class='ocrx_word' id='word_1_67' title='bbox 493 1090 665 1154; x_wconf 74' lang='lat' dir='ltr'>conficiendo</span> <span class='ocrx_word' id='word_1_68' title='bbox 679 1090 778 1153; x_wconf 80' lang='lat' dir='ltr'>navari</span> <span class='ocrx_word' id='word_1_69' title='bbox 797 1110 887 1173; x_wconf 88' lang='lat' dir='ltr'>opera</span> <span class='ocrx_word' id='word_1_70' title='bbox 901 1086 1014 1161; x_wconf 86' lang='lat' dir='ltr'>dicere;</span> <span class='ocrx_word' id='word_1_71' title='bbox 1039 1090 1133 1175; x_wconf 80' lang='lat' dir='ltr'>itaque</span> <span class='ocrx_word' id='word_1_72' title='bbox 1154 1092 1260 1158; x_wconf 80' lang='lat' dir='ltr'>lectore</span> <span class='ocrx_word' id='word_1_73' title='bbox 1272 1114 1327 1156; x_wconf 86' lang='lat' dir='ltr'>uon</span> <span class='ocrx_word' id='word_1_74' title='bbox 1342 1094 1383 1156; x_wconf 89' lang='lat' dir='ltr'>iu·</span> 
     </span>
     <span class='ocr_line' id='line_1_9' title="bbox 285 1187 1384 1277; baseline -0.002 -20"><span class='ocrx_word' id='word_1_75' title='bbox 285 1192 403 1268; x_wconf 80' lang='lat' dir='ltr'>utiliter,</span> <span class='ocrx_word' id='word_1_76' title='bbox 429 1203 456 1255; x_wconf 87' lang='lat' dir='ltr'>ut</span> <span class='ocrx_word' id='word_1_77' title='bbox 470 1190 581 1275; x_wconf 83' lang='lat' dir='ltr'>quidem</span> <span class='ocrx_word' id='word_1_78' title='bbox 596 1212 652 1277; x_wconf 77' lang='lat' dir='ltr'>ego</span> <span class='ocrx_word' id='word_1_79' title='bbox 665 1201 745 1276; x_wconf 88' lang='lat' dir='ltr'>puto,</span> <span class='ocrx_word' id='word_1_80' title='bbox 771 1188 809 1255; x_wconf 92' lang='lat' dir='ltr'>de</span> <span class='ocrx_word' id='word_1_81' title='bbox 822 1187 982 1274; x_wconf 82' lang='lat' dir='ltr'>quibusdam</span> <span class='ocrx_word' id='word_1_82' title='bbox 995 1196 1185 1274; x_wconf 72' lang='lat' dir='ltr'>praemoneo,</span> <span class='ocrx_word' id='word_1_83' title='bbox 1204 1195 1384 1261; x_wconf 83' lang='lat' dir='ltr'>dedicationis</span> 
     </span>
     <span class='ocr_line' id='line_1_10' title="bbox 249 1290 550 1379; baseline 0.007 -24"><span class='ocrx_word' id='word_1_84' title='bbox 249 1360 254 1371; x_wconf 60' lang='grc'>,</span> <span class='ocrx_word' id='word_1_85' title='bbox 286 1314 401 1357; x_wconf 84' lang='lat' dir='ltr'>munere</span> <span class='ocrx_word' id='word_1_86' title='bbox 425 1290 550 1379; x_wconf 77' lang='lat' dir='ltr'>defungi.</span> 
     </span>
    </p>

    <p class='ocr_par' dir='ltr' id='par_1_3' title="bbox 289 1392 1391 2397">
     <span class='ocr_line' id='line_1_11' title="bbox 370 1392 1385 1481; baseline 0.003 -24"><span class='ocrx_word' id='word_1_87' title='bbox 370 1393 427 1457; x_wconf 89' lang='lat' dir='ltr'>lam</span> <span class='ocrx_word' id='word_1_88' title='bbox 444 1392 576 1479; x_wconf 88' lang='lat' dir='ltr'>primum,</span> <span class='ocrx_word' id='word_1_89' title='bbox 598 1395 660 1481; x_wconf 87' lang='lat' dir='ltr'>quis</span> <span class='ocrx_word' id='word_1_90' title='bbox 679 1393 763 1463; x_wconf 78' lang='lat' dir='ltr'>suerit</span> <span class='ocrx_word' id='word_1_91' title='bbox 781 1392 942 1468; x_wconf 86' lang='lat' dir='ltr'>Gedreuus,</span> <span class='ocrx_word' id='word_1_92' title='bbox 965 1404 1045 1457; x_wconf 89' lang='lat' dir='ltr'>acrto</span> <span class='ocrx_word' id='word_1_93' title='bbox 1067 1393 1284 1480; x_wconf 84' lang='lat' dir='ltr'>deprehendere</span> <span class='ocrx_word' id='word_1_94' title='bbox 1310 1394 1385 1460; x_wconf 83' lang='lat' dir='ltr'>auido</span> 
     </span>
     <span class='ocr_line' id='line_1_12' title="bbox 291 1490 1386 1582; baseline 0.003 -23"><span class='ocrx_word' id='word_1_95' title='bbox 291 1496 392 1560; x_wconf 89' lang='lat' dir='ltr'>iudicio</span> <span class='ocrx_word' id='word_1_96' title='bbox 409 1496 495 1582; x_wconf 89' lang='lat' dir='ltr'>potui,</span> <span class='ocrx_word' id='word_1_97' title='bbox 517 1517 578 1558; x_wconf 90' lang='lat' dir='ltr'>cum</span> <span class='ocrx_word' id='word_1_98' title='bbox 591 1494 628 1557; x_wconf 88' lang='lat' dir='ltr'>de</span> <span class='ocrx_word' id='word_1_99' title='bbox 641 1517 674 1558; x_wconf 91' lang='lat' dir='ltr'>se</span> <span class='ocrx_word' id='word_1_100' title='bbox 687 1496 748 1578; x_wconf 85' lang='lat' dir='ltr'>ipso</span> <span class='ocrx_word' id='word_1_101' title='bbox 762 1490 849 1569; x_wconf 82' lang='lat' dir='ltr'><strong>nihil,</strong></span> <span class='ocrx_word' id='word_1_102' title='bbox 874 1490 930 1555; x_wconf 89' lang='lat' dir='ltr'>boc</span> <span class='ocrx_word' id='word_1_103' title='bbox 943 1495 1054 1581; x_wconf 84' lang='lat' dir='ltr'>quidem</span> <span class='ocrx_word' id='word_1_104' title='bbox 1068 1495 1097 1559; x_wconf 86' lang='lat' dir='ltr'>iu</span> <span class='ocrx_word' id='word_1_105' title='bbox 1109 1516 1209 1580; x_wconf 87' lang='lat' dir='ltr'>opere,</span> <span class='ocrx_word' id='word_1_106' title='bbox 1232 1499 1386 1562; x_wconf 79' lang='lat' dir='ltr'>memoriae</span> 
     </span>
     <span class='ocr_line' id='line_1_13' title="bbox 289 1594 1386 1683; baseline 0.003 -24"><span class='ocrx_word' id='word_1_107' title='bbox 289 1597 459 1682; x_wconf 81' lang='lat' dir='ltr'>prodiderit,</span> <span class='ocrx_word' id='word_1_108' title='bbox 481 1616 572 1681; x_wconf 81' lang='lat' dir='ltr'>neque</span> <span class='ocrx_word' id='word_1_109' title='bbox 586 1594 623 1657; x_wconf 87' lang='lat' dir='ltr'>eb</span> <span class='ocrx_word' id='word_1_110' title='bbox 634 1594 698 1661; x_wconf 80' lang='lat' dir='ltr'>ediis</span> <span class='ocrx_word' id='word_1_111' title='bbox 712 1596 763 1670; x_wconf 84' lang='lat' dir='ltr'>eit,</span> <span class='ocrx_word' id='word_1_112' title='bbox 786 1594 860 1683; x_wconf 87' lang='lat' dir='ltr'>quod</span> <span class='ocrx_word' id='word_1_113' title='bbox 873 1609 931 1681; x_wconf 81' lang='lat' dir='ltr'>ego</span> <span class='ocrx_word' id='word_1_114' title='bbox 947 1597 1050 1673; x_wconf 84' lang='lat' dir='ltr'>scium,</span> <span class='ocrx_word' id='word_1_115' title='bbox 1070 1596 1196 1661; x_wconf 83' lang='lat' dir='ltr'>laudatus</span> <span class='ocrx_word' id='word_1_116' title='bbox 1208 1608 1254 1663; x_wconf 87' lang='lat' dir='ltr'>aut</span> <span class='ocrx_word' id='word_1_117' title='bbox 1264 1600 1386 1664; x_wconf 83' lang='lat' dir='ltr'>uomica·</span> 
     </span>
     <span class='ocr_line' id='line_1_14' title="bbox 289 1696 1389 1783; baseline 0.003 -22"><span class='ocrx_word' id='word_1_118' title='bbox 289 1711 333 1761; x_wconf 84' lang='lat' dir='ltr'>tus</span> <span class='ocrx_word' id='word_1_119' title='bbox 356 1696 545 1783; x_wconf 76' lang='lat' dir='ltr'>scriptoribus.</span> <span class='ocrx_word' id='word_1_120' title='bbox 589 1717 625 1759; x_wconf 91' lang='lat' dir='ltr'>eo</span> <span class='ocrx_word' id='word_1_121' title='bbox 648 1708 739 1759; x_wconf 87' lang='lat' dir='ltr'>tamen</span> <span class='ocrx_word' id='word_1_122' title='bbox 765 1696 877 1760; x_wconf 85' lang='lat' dir='ltr'>inclinat</span> <span class='ocrx_word' id='word_1_123' title='bbox 909 1698 1014 1761; x_wconf 80' lang='lat' dir='ltr'>animm</span> <span class='ocrx_word' id='word_1_124' title='bbox 1040 1709 1068 1762; x_wconf 89' lang='lat' dir='ltr'>ut</span> <span class='ocrx_word' id='word_1_125' title='bbox 1102 1700 1278 1764; x_wconf 73' lang='lat' dir='ltr'>sacerdotem</span> <span class='ocrx_word' id='word_1_126' title='bbox 1302 1698 1389 1764; x_wconf 78' lang='lat' dir='ltr'>fuisse</span> 
     </span>
     <span class='ocr_line' id='line_1_15' title="bbox 290 1796 1387 1885; baseline 0.002 -22"><span class='ocrx_word' id='word_1_127' title='bbox 290 1802 414 1885; x_wconf 83' lang='lat' dir='ltr'>suspicer</span> <span class='ocrx_word' id='word_1_128' title='bbox 427 1810 472 1863; x_wconf 83' lang='lat' dir='ltr'>aut</span> <span class='ocrx_word' id='word_1_129' title='bbox 485 1800 568 1861; x_wconf 85' lang='lat' dir='ltr'>etiam</span> <span class='ocrx_word' id='word_1_130' title='bbox 581 1796 743 1860; x_wconf 83' lang='lat' dir='ltr'>monachum</span> <span class='ocrx_word' id='word_1_131' title='bbox 754 1824 761 1871; x_wconf 88' lang='lat'><strong>;</strong></span> <span class='ocrx_word' id='word_1_132' title='bbox 785 1799 894 1862; x_wconf 80' lang='lat' dir='ltr'>temetsi</span> <span class='ocrx_word' id='word_1_133' title='bbox 907 1800 1016 1862; x_wconf 72' lang='lat' dir='ltr'>ridetur</span> <span class='ocrx_word' id='word_1_134' title='bbox 1028 1798 1083 1863; x_wconf 89' lang='lat' dir='ltr'>boc</span> <span class='ocrx_word' id='word_1_135' title='bbox 1095 1821 1151 1864; x_wconf 91' lang='lat' dir='ltr'>uou</span> <span class='ocrx_word' id='word_1_136' title='bbox 1164 1800 1249 1864; x_wconf 81' lang='lat' dir='ltr'>fuisse</span> <span class='ocrx_word' id='word_1_137' title='bbox 1263 1800 1387 1865; x_wconf 88' lang='lat' dir='ltr'>dissimu-</span> 
     </span>
     <span class='ocr_line' id='line_1_16' title="bbox 290 1899 1389 1988; baseline 0.002 -25"><span class='ocrx_word' id='word_1_138' title='bbox 290 1902 402 1964; x_wconf 82' lang='lat' dir='ltr'>tuturus.</span> <span class='ocrx_word' id='word_1_139' title='bbox 443 1920 526 1965; x_wconf 88' lang='lat' dir='ltr'>meae</span> <span class='ocrx_word' id='word_1_140' title='bbox 546 1899 724 1963; x_wconf 83' lang='lat' dir='ltr'>coniecturae</span> <span class='ocrx_word' id='word_1_141' title='bbox 740 1914 835 1963; x_wconf 73' lang='lat' dir='ltr'>amam</span> <span class='ocrx_word' id='word_1_142' title='bbox 852 1899 991 1986; x_wconf 78' lang='lat' dir='ltr'>praebent</span> <span class='ocrx_word' id='word_1_143' title='bbox 1011 1922 1072 1965; x_wconf 90' lang='lat' dir='ltr'>cum</span> <span class='ocrx_word' id='word_1_144' title='bbox 1091 1920 1182 1988; x_wconf 79' lang='lat' dir='ltr'>gcuue</span> <span class='ocrx_word' id='word_1_145' title='bbox 1203 1902 1313 1966; x_wconf 74' lang='lat' dir='ltr'>decadi</span> <span class='ocrx_word' id='word_1_146' title='bbox 1334 1924 1389 1987; x_wconf 80' lang='lat' dir='ltr'>quo</span> 
     </span>
     <span class='ocr_line' id='line_1_17' title="bbox 291 2000 1387 2089; baseline 0.002 -24"><span class='ocrx_word' id='word_1_147' title='bbox 291 2014 333 2065; x_wconf 87' lang='lat' dir='ltr'>cst</span> <span class='ocrx_word' id='word_1_148' title='bbox 347 2025 425 2078; x_wconf 86' lang='lat' dir='ltr'>usus,</span> <span class='ocrx_word' id='word_1_149' title='bbox 447 2014 503 2067; x_wconf 91' lang='lat' dir='ltr'>tum</span> <span class='ocrx_word' id='word_1_150' title='bbox 522 2022 590 2086; x_wconf 87' lang='lat' dir='ltr'>quas</span> <span class='ocrx_word' id='word_1_151' title='bbox 611 2000 648 2067; x_wconf 91' lang='lat' dir='ltr'>de</span> <span class='ocrx_word' id='word_1_152' title='bbox 667 2000 808 2089; x_wconf 79' lang='lat' dir='ltr'>religione</span> <span class='ocrx_word' id='word_1_153' title='bbox 830 2012 859 2067; x_wconf 91' lang='lat' dir='ltr'>et</span> <span class='ocrx_word' id='word_1_154' title='bbox 872 2004 1058 2068; x_wconf 83' lang='lat' dir='ltr'>caeremoniis</span> <span class='ocrx_word' id='word_1_155' title='bbox 1071 2002 1158 2068; x_wconf 90' lang='lat' dir='ltr'>babet</span> <span class='ocrx_word' id='word_1_156' title='bbox 1180 2004 1387 2089; x_wconf 85' lang='lat' dir='ltr'>disputationes.</span> 
     </span>
     <span class='ocr_line' id='line_1_18' title="bbox 289 2102 1390 2195; baseline 0.002 -28"><span class='ocrx_word' id='word_1_157' title='bbox 289 2104 325 2167; x_wconf 91' lang='lat' dir='ltr'>de</span> <span class='ocrx_word' id='word_1_158' title='bbox 340 2102 437 2189; x_wconf 92' lang='lat' dir='ltr'>quibus</span> <span class='ocrx_word' id='word_1_159' title='bbox 450 2126 504 2167; x_wconf 88' lang='lat' dir='ltr'>nou</span> <span class='ocrx_word' id='word_1_160' title='bbox 519 2102 641 2189; x_wconf 87' lang='lat' dir='ltr'>impedio</span> <span class='ocrx_word' id='word_1_161' title='bbox 656 2104 720 2189; x_wconf 87' lang='lat' dir='ltr'>quin</span> <span class='ocrx_word' id='word_1_162' title='bbox 734 2104 849 2188; x_wconf 86' lang='lat' dir='ltr'>quisque</span> <span class='ocrx_word' id='word_1_163' title='bbox 871 2126 921 2168; x_wconf 85' lang='lat' dir='ltr'>suo</span> <span class='ocrx_word' id='word_1_164' title='bbox 935 2116 1018 2189; x_wconf 82' lang='lat' dir='ltr'>cepta</span> <span class='ocrx_word' id='word_1_165' title='bbox 1039 2117 1068 2169; x_wconf 89' lang='lat' dir='ltr'>et</span> <span class='ocrx_word' id='word_1_166' title='bbox 1081 2128 1162 2169; x_wconf 86' lang='lat' dir='ltr'>seusu</span> <span class='ocrx_word' id='word_1_167' title='bbox 1175 2106 1295 2172; x_wconf 88' lang='lat' dir='ltr'>iudicet:</span> <span class='ocrx_word' id='word_1_168' title='bbox 1323 2106 1390 2195; x_wconf 89' lang='lat' dir='ltr'>quid</span> 
     </span>
     <span class='ocr_line' id='line_1_19' title="bbox 289 2202 1390 2293; baseline 0.002 -24"><span class='ocrx_word' id='word_1_169' title='bbox 289 2227 347 2293; x_wconf 79' lang='lat' dir='ltr'>ego</span> <span class='ocrx_word' id='word_1_170' title='bbox 361 2206 488 2283; x_wconf 88' lang='lat' dir='ltr'>iudicem,</span> <span class='ocrx_word' id='word_1_171' title='bbox 508 2206 577 2269; x_wconf 85' lang='lat' dir='ltr'>setis</span> <span class='ocrx_word' id='word_1_172' title='bbox 600 2204 686 2270; x_wconf 84' lang='lat' dir='ltr'>uredo</span> <span class='ocrx_word' id='word_1_173' title='bbox 712 2224 777 2269; x_wconf 88' lang='lat' dir='ltr'>esse</span> <span class='ocrx_word' id='word_1_174' title='bbox 803 2202 885 2269; x_wconf 87' lang='lat' dir='ltr'>bonis</span> <span class='ocrx_word' id='word_1_175' title='bbox 909 2218 1020 2281; x_wconf 71' lang='lat' dir='ltr'>uotum</span> <span class='ocrx_word' id='word_1_176' title='bbox 1040 2226 1132 2291; x_wconf 85' lang='lat' dir='ltr'>aeque</span> <span class='ocrx_word' id='word_1_177' title='bbox 1154 2219 1197 2271; x_wconf 87' lang='lat' dir='ltr'>est</span> <span class='ocrx_word' id='word_1_178' title='bbox 1220 2231 1270 2273; x_wconf 88' lang='lat' dir='ltr'>eur</span> <span class='ocrx_word' id='word_1_179' title='bbox 1289 2222 1390 2273; x_wconf 85' lang='lat' dir='ltr'>mutem</span> 
     </span>
     <span class='ocr_line' id='line_1_20' title="bbox 289 2306 1391 2397; baseline 0.002 -27"><span class='ocrx_word' id='word_1_180' title='bbox 289 2309 451 2373; x_wconf 85' lang='lat' dir='ltr'>senteutiam</span> <span class='ocrx_word' id='word_1_181' title='bbox 467 2308 522 2373; x_wconf 84' lang='lat' dir='ltr'>ulla</span> <span class='ocrx_word' id='word_1_182' title='bbox 537 2309 638 2374; x_wconf 88' lang='lat' dir='ltr'>idonea</span> <span class='ocrx_word' id='word_1_183' title='bbox 654 2328 746 2371; x_wconf 84' lang='lat' dir='ltr'>cause.</span> <span class='ocrx_word' id='word_1_184' title='bbox 791 2306 901 2394; x_wconf 85' lang='lat' dir='ltr'>quaudo</span> <span class='ocrx_word' id='word_1_185' title='bbox 922 2308 1041 2383; x_wconf 84' lang='lat' dir='ltr'>vixerit,</span> <span class='ocrx_word' id='word_1_186' title='bbox 1062 2307 1152 2373; x_wconf 86' lang='lat' dir='ltr'>uibido</span> <span class='ocrx_word' id='word_1_187' title='bbox 1173 2312 1263 2397; x_wconf 83' lang='lat' dir='ltr'>magis</span> <span class='ocrx_word' id='word_1_188' title='bbox 1284 2322 1391 2374; x_wconf 85' lang='lat' dir='ltr'>coastat</span> 
     </span>
    </p>
   </div>
   <div class='ocr_carea' id='block_1_3' title="bbox 289 2408 1394 3104">
    <p class='ocr_par' dir='ltr' id='par_1_4' title="bbox 289 2408 1394 3104">
     <span class='ocr_line' id='line_1_21' title="bbox 290 2408 1392 2497; baseline 0.005 -28"><span class='ocrx_word' id='word_1_189' title='bbox 290 2431 370 2495; x_wconf 84' lang='lat' dir='ltr'>quem</span> <span class='ocrx_word' id='word_1_190' title='bbox 394 2432 448 2496; x_wconf 88' lang='lat' dir='ltr'>que</span> <span class='ocrx_word' id='word_1_191' title='bbox 469 2410 626 2475; x_wconf 87' lang='lat' dir='ltr'>conditione</span> <span class='ocrx_word' id='word_1_192' title='bbox 639 2408 761 2483; x_wconf 86' lang='lat' dir='ltr'>vixerit;</span> <span class='ocrx_word' id='word_1_193' title='bbox 786 2410 840 2474; x_wconf 85' lang='lat' dir='ltr'>uisi</span> <span class='ocrx_word' id='word_1_194' title='bbox 864 2408 938 2496; x_wconf 87' lang='lat' dir='ltr'>quod</span> <span class='ocrx_word' id='word_1_195' title='bbox 951 2408 1101 2495; x_wconf 80' lang='lat' dir='ltr'>probrbite</span> <span class='ocrx_word' id='word_1_196' title='bbox 1124 2425 1167 2476; x_wconf 87' lang='lat' dir='ltr'>est</span> <span class='ocrx_word' id='word_1_197' title='bbox 1185 2435 1279 2477; x_wconf 84' lang='lat' dir='ltr'>rerum</span> <span class='ocrx_word' id='word_1_198' title='bbox 1303 2414 1392 2497; x_wconf 92' lang='lat' dir='ltr'>potito</span> 
     </span>
     <span class='ocr_line' id='line_1_22' title="bbox 289 2510 1390 2598; baseline 0.003 -23"><span class='ocrx_word' id='word_1_199' title='bbox 289 2512 377 2575; x_wconf 81' lang='lat' dir='ltr'>isacio</span> <span class='ocrx_word' id='word_1_200' title='bbox 392 2510 534 2577; x_wconf 86' lang='lat' dir='ltr'>Gomneuo</span> <span class='ocrx_word' id='word_1_201' title='bbox 550 2514 611 2598; x_wconf 83' lang='lat' dir='ltr'>(qui</span> <span class='ocrx_word' id='word_1_202' title='bbox 627 2512 689 2575; x_wconf 87' lang='lat' dir='ltr'>iniit</span> <span class='ocrx_word' id='word_1_203' title='bbox 703 2511 848 2595; x_wconf 85' lang='lat' dir='ltr'>imperium</span> <span class='ocrx_word' id='word_1_204' title='bbox 869 2512 970 2577; x_wconf 88' lang='lat' dir='ltr'>eodem</span> <span class='ocrx_word' id='word_1_205' title='bbox 983 2514 1047 2579; x_wconf 85' lang='lat' dir='ltr'>fere</span> <span class='ocrx_word' id='word_1_206' title='bbox 1062 2536 1116 2597; x_wconf 80' lang='lat' dir='ltr'>quo</span> <span class='ocrx_word' id='word_1_207' title='bbox 1128 2513 1275 2579; x_wconf 84' lang='lat' dir='ltr'>ileiuricus</span> <span class='ocrx_word' id='word_1_208' title='bbox 1289 2512 1329 2578; x_wconf 89' lang='lat' dir='ltr'>1v</span> <span class='ocrx_word' id='word_1_209' title='bbox 1343 2535 1390 2577; x_wconf 82' lang='lat' dir='ltr'>au·</span> 
     </span>
     <span class='ocr_line' id='line_1_23' title="bbox 290 2610 1393 2700; baseline 0.002 -25"><span class='ocrx_word' id='word_1_210' title='bbox 290 2634 344 2688; x_wconf 90' lang='lat' dir='ltr'>no,</span> <span class='ocrx_word' id='word_1_211' title='bbox 370 2615 416 2699; x_wconf 86' lang='lat' dir='ltr'>qui</span> <span class='ocrx_word' id='word_1_212' title='bbox 440 2613 490 2678; x_wconf 89' lang='lat' dir='ltr'>duit</span> <span class='ocrx_word' id='word_1_213' title='bbox 517 2626 619 2677; x_wconf 88' lang='lat' dir='ltr'>auato</span> <span class='ocrx_word' id='word_1_214' title='bbox 641 2610 754 2677; x_wconf 82' lang='lat' dir='ltr'>Christo</span> <span class='ocrx_word' id='word_1_215' title='bbox 779 2615 821 2677; x_wconf 72' lang='lat'>69</span> <span class='ocrx_word' id='word_1_216' title='bbox 846 2635 931 2699; x_wconf 80' lang='lat' dir='ltr'>repre</span> <span class='ocrx_word' id='word_1_217' title='bbox 953 2613 1141 2695; x_wconf 86' lang='lat' dir='ltr'>millesimum)</span> <span class='ocrx_word' id='word_1_218' title='bbox 1163 2636 1226 2679; x_wconf 86' lang='lat' dir='ltr'>eum</span> <span class='ocrx_word' id='word_1_219' title='bbox 1246 2614 1393 2700; x_wconf 77' lang='lat' dir='ltr'>scripsisse</span> 
     </span>
     <span class='ocr_line' id='line_1_24' title="bbox 290 2713 1393 2799; baseline 0.002 -22"><span class='ocrx_word' id='word_1_220' title='bbox 290 2738 355 2777; x_wconf 80' lang='lat' dir='ltr'>suros</span> <span class='ocrx_word' id='word_1_221' title='bbox 370 2714 505 2780; x_wconf 75' lang='lat' dir='ltr'>Annales:</span> <span class='ocrx_word' id='word_1_222' title='bbox 537 2714 568 2777; x_wconf 76' lang='lat' dir='ltr'>tri</span> <span class='ocrx_word' id='word_1_223' title='bbox 594 2714 670 2777; x_wconf 87' lang='lat' dir='ltr'>euim</span> <span class='ocrx_word' id='word_1_224' title='bbox 696 2713 725 2777; x_wconf 89' lang='lat' dir='ltr'>ia</span> <span class='ocrx_word' id='word_1_225' title='bbox 745 2713 826 2780; x_wconf 87' lang='lat' dir='ltr'>istum</span> <span class='ocrx_word' id='word_1_226' title='bbox 851 2714 984 2780; x_wconf 85' lang='lat' dir='ltr'>desinunt.</span> <span class='ocrx_word' id='word_1_227' title='bbox 1027 2716 1054 2780; x_wconf 86' lang='lat' dir='ltr'>is</span> <span class='ocrx_word' id='word_1_228' title='bbox 1072 2716 1119 2799; x_wconf 89' lang='lat' dir='ltr'>qui</span> <span class='ocrx_word' id='word_1_229' title='bbox 1134 2715 1261 2780; x_wconf 87' lang='lat' dir='ltr'>codicem</span> <span class='ocrx_word' id='word_1_230' title='bbox 1273 2727 1393 2779; x_wconf 85' lang='lat' dir='ltr'>vestrum</span> 
     </span>
     <span class='ocr_line' id='line_1_25' title="bbox 291 2801 1393 2902; baseline 0.003 -25"><span class='ocrx_word' id='word_1_231' title='bbox 291 2816 402 2901; x_wconf 65' lang='lat' dir='ltr'>serpso</span> <span class='ocrx_word' id='word_1_232' title='bbox 417 2818 561 2889; x_wconf 67' lang='lat' dir='ltr'>torreo,</span> <span class='ocrx_word' id='word_1_233' title='bbox 583 2814 940 2901; x_wconf 69' lang='lat' dir='ltr'>mosangerurqouc</span> <span class='ocrx_word' id='word_1_234' title='bbox 953 2818 1120 2881; x_wconf 65' lang='lat' dir='ltr'>memoror</span> <span class='ocrx_word' id='word_1_235' title='bbox 1132 2801 1393 2902; x_wconf 63' lang='lat' dir='ltr'>tetranepos.</span> 
     </span>
     <span class='ocr_line' id='line_1_26' title="bbox 292 2915 1394 3003; baseline 0.001 -22"><span class='ocrx_word' id='word_1_236' title='bbox 292 2916 344 2983; x_wconf 79' lang='lat' dir='ltr'>tuit</span> <span class='ocrx_word' id='word_1_237' title='bbox 370 2916 416 2981; x_wconf 89' lang='lat' dir='ltr'>bic</span> <span class='ocrx_word' id='word_1_238' title='bbox 441 2917 542 2981; x_wconf 70' lang='lat' dir='ltr'>tortus</span> <span class='ocrx_word' id='word_1_239' title='bbox 567 2915 709 2981; x_wconf 80' lang='lat' dir='ltr'>Frideriei</span> <span class='ocrx_word' id='word_1_240' title='bbox 722 2916 908 2984; x_wconf 80' lang='lat' dir='ltr'>Ahenobarbi</span> <span class='ocrx_word' id='word_1_241' title='bbox 930 2918 1108 3003; x_wconf 84' lang='lat' dir='ltr'>imperatoris</span> <span class='ocrx_word' id='word_1_242' title='bbox 1129 2917 1264 2985; x_wconf 75' lang='lat' dir='ltr'>Germani</span> <span class='ocrx_word' id='word_1_243' title='bbox 1291 2940 1394 3003; x_wconf 65' lang='lat' dir='ltr'>aeque</span> 
     </span>
     <span class='ocr_line' id='line_1_27' title="bbox 295 3014 1393 3104; baseline 0 -19"><span class='ocrx_word' id='word_1_244' title='bbox 295 3018 343 3095; x_wconf 89' lang='lat' dir='ltr'>lis,</span> <span class='ocrx_word' id='word_1_245' title='bbox 372 3030 401 3083; x_wconf 89' lang='lat' dir='ltr'>et</span> <span class='ocrx_word' id='word_1_246' title='bbox 430 3019 540 3103; x_wconf 86' lang='lat' dir='ltr'>occepit</span> <span class='ocrx_word' id='word_1_247' title='bbox 553 3014 726 3102; x_wconf 86' lang='lat' dir='ltr'>Cpolitauum</span> <span class='ocrx_word' id='word_1_248' title='bbox 753 3040 872 3104; x_wconf 72' lang='lat' dir='ltr'>regnem</span> <span class='ocrx_word' id='word_1_249' title='bbox 900 3022 978 3085; x_wconf 85' lang='lat' dir='ltr'>circa</span> <span class='ocrx_word' id='word_1_250' title='bbox 1005 3040 1104 3083; x_wconf 84' lang='lat' dir='ltr'>auumu</span> <span class='ocrx_word' id='word_1_251' title='bbox 1132 3022 1233 3094; x_wconf 78' lang='lat'><strong>1185,</strong></span> <span class='ocrx_word' id='word_1_252' title='bbox 1268 3031 1298 3084; x_wconf 89' lang='lat' dir='ltr'>ut</span> <span class='ocrx_word' id='word_1_253' title='bbox 1328 3042 1393 3085; x_wconf 87' lang='lat' dir='ltr'>eeu·</span> 
     </span>
    </p>
   </div>
   <div class='ocr_carea' id='block_1_4' title="bbox 292 3119 1454 4328">
    <p class='ocr_par' dir='ltr' id='par_1_5' title="bbox 292 3119 1454 4328">
     <span class='ocr_line' id='line_1_28' title="bbox 295 3119 1396 3187; baseline 0 -2"><span class='ocrx_word' id='word_1_254' title='bbox 295 3132 350 3185; x_wconf 87' lang='lat' dir='ltr'>tum</span> <span class='ocrx_word' id='word_1_255' title='bbox 364 3120 426 3186; x_wconf 84' lang='lat' dir='ltr'>dere</span> <span class='ocrx_word' id='word_1_256' title='bbox 445 3121 523 3185; x_wconf 85' lang='lat' dir='ltr'>anuis</span> <span class='ocrx_word' id='word_1_257' title='bbox 539 3119 630 3183; x_wconf 84' lang='lat' dir='ltr'>codex</span> <span class='ocrx_word' id='word_1_258' title='bbox 645 3120 697 3183; x_wconf 87' lang='lat' dir='ltr'>iste</span> <span class='ocrx_word' id='word_1_259' title='bbox 710 3130 824 3185; x_wconf 86' lang='lat' dir='ltr'>auctore</span> <span class='ocrx_word' id='word_1_260' title='bbox 838 3140 889 3184; x_wconf 90' lang='lat' dir='ltr'>suo</span> <span class='ocrx_word' id='word_1_261' title='bbox 905 3121 1047 3185; x_wconf 78' lang='lat' dir='ltr'>reoenu&#39;or</span> <span class='ocrx_word' id='word_1_262' title='bbox 1060 3119 1147 3185; x_wconf 85' lang='lat' dir='ltr'>fuisse</span> <span class='ocrx_word' id='word_1_263' title='bbox 1160 3120 1295 3187; x_wconf 86' lang='lat' dir='ltr'>videatur.</span> <span class='ocrx_word' id='word_1_264' title='bbox 1337 3142 1396 3185; x_wconf 85' lang='lat' dir='ltr'>uou</span> 
     </span>
     <span class='ocr_line' id='line_1_29' title="bbox 295 3218 1394 3307; baseline 0 -20"><span class='ocrx_word' id='word_1_265' title='bbox 295 3222 479 3288; x_wconf 79' lang='lat' dir='ltr'>dissimulavit</span> <span class='ocrx_word' id='word_1_266' title='bbox 490 3220 621 3286; x_wconf 72' lang='lat' dir='ltr'>librerias</span> <span class='ocrx_word' id='word_1_267' title='bbox 641 3218 789 3305; x_wconf 83' lang='lat' dir='ltr'>aliquoties</span> <span class='ocrx_word' id='word_1_268' title='bbox 801 3242 834 3285; x_wconf 84' lang='lat' dir='ltr'>se</span> <span class='ocrx_word' id='word_1_269' title='bbox 848 3222 878 3287; x_wconf 88' lang='lat' dir='ltr'>iu</span> <span class='ocrx_word' id='word_1_270' title='bbox 891 3222 1057 3307; x_wconf 83' lang='lat' dir='ltr'>exemplari,</span> <span class='ocrx_word' id='word_1_271' title='bbox 1076 3221 1150 3305; x_wconf 87' lang='lat' dir='ltr'>quod</span> <span class='ocrx_word' id='word_1_272' title='bbox 1165 3221 1322 3307; x_wconf 74' lang='lat' dir='ltr'>descripsit,</span> <span class='ocrx_word' id='word_1_273' title='bbox 1344 3222 1394 3287; x_wconf 87' lang='lat' dir='ltr'>ali·</span> 
     </span>
     <span class='ocr_line' id='line_1_30' title="bbox 292 3320 1395 3413; baseline -0.002 -24"><span class='ocrx_word' id='word_1_274' title='bbox 292 3338 361 3411; x_wconf 78' lang='lat' dir='ltr'>quot</span> <span class='ocrx_word' id='word_1_275' title='bbox 388 3327 552 3413; x_wconf 79' lang='lat' dir='ltr'>paginarum</span> <span class='ocrx_word' id='word_1_276' title='bbox 576 3320 713 3387; x_wconf 78' lang='lat' dir='ltr'>deserum</span> <span class='ocrx_word' id='word_1_277' title='bbox 737 3322 868 3387; x_wconf 79' lang='lat' dir='ltr'>sensisse.</span> <span class='ocrx_word' id='word_1_278' title='bbox 917 3323 968 3390; x_wconf 82' lang='lat' dir='ltr'>aed</span> <span class='ocrx_word' id='word_1_279' title='bbox 992 3334 1081 3387; x_wconf 81' lang='lat' dir='ltr'>uuum</span> <span class='ocrx_word' id='word_1_280' title='bbox 1103 3322 1214 3409; x_wconf 79' lang='lat' dir='ltr'>reliqua</span> <span class='ocrx_word' id='word_1_281' title='bbox 1235 3326 1330 3391; x_wconf 79' lang='lat' dir='ltr'>omnia</span> <span class='ocrx_word' id='word_1_282' title='bbox 1356 3326 1395 3389; x_wconf 85' lang='lat' dir='ltr'>ita</span> 
     </span>
     <span class='ocr_line' id='line_1_31' title="bbox 297 3424 1398 3511; baseline 0.001 -22"><span class='ocrx_word' id='word_1_283' title='bbox 297 3426 398 3493; x_wconf 79' lang='lat' dir='ltr'>fuerint</span> <span class='ocrx_word' id='word_1_284' title='bbox 410 3427 446 3491; x_wconf 90' lang='lat' dir='ltr'>ub</span> <span class='ocrx_word' id='word_1_285' title='bbox 460 3438 573 3491; x_wconf 86' lang='lat' dir='ltr'>auctore</span> <span class='ocrx_word' id='word_1_286' title='bbox 585 3424 737 3511; x_wconf 83' lang='lat' dir='ltr'>composite</span> <span class='ocrx_word' id='word_1_287' title='bbox 750 3424 888 3509; x_wconf 64' lang='lat' dir='ltr'>pomodo</span> <span class='ocrx_word' id='word_1_288' title='bbox 901 3426 937 3489; x_wconf 90' lang='lat' dir='ltr'>ad</span> <span class='ocrx_word' id='word_1_289' title='bbox 951 3446 1003 3491; x_wconf 83' lang='lat' dir='ltr'>uos</span> <span class='ocrx_word' id='word_1_290' title='bbox 1012 3424 1123 3491; x_wconf 80' lang='lat' dir='ltr'>scribae</span> <span class='ocrx_word' id='word_1_291' title='bbox 1138 3426 1216 3490; x_wconf 88' lang='lat' dir='ltr'>istius</span> <span class='ocrx_word' id='word_1_292' title='bbox 1229 3448 1319 3511; x_wconf 85' lang='lat' dir='ltr'>opera</span> <span class='ocrx_word' id='word_1_293' title='bbox 1332 3433 1398 3510; x_wconf 64' lang='lat' dir='ltr'>per*</span> 
     </span>
     <span class='ocr_line' id='line_1_32' title="bbox 294 3525 1396 3613; baseline -0.002 -22"><span class='ocrx_word' id='word_1_294' title='bbox 294 3540 448 3603; x_wconf 77' lang='lat' dir='ltr'>seuerumt3</span> <span class='ocrx_word' id='word_1_295' title='bbox 480 3526 601 3591; x_wconf 85' lang='lat' dir='ltr'>dubitari</span> <span class='ocrx_word' id='word_1_296' title='bbox 623 3526 696 3593; x_wconf 67' lang='lat' dir='ltr'>baud</span> <span class='ocrx_word' id='word_1_297' title='bbox 721 3527 822 3593; x_wconf 80' lang='lat' dir='ltr'>iniuria</span> <span class='ocrx_word' id='word_1_298' title='bbox 844 3538 952 3613; x_wconf 88' lang='lat' dir='ltr'>potest:</span> <span class='ocrx_word' id='word_1_299' title='bbox 977 3550 1034 3593; x_wconf 85' lang='lat' dir='ltr'>uon</span> <span class='ocrx_word' id='word_1_300' title='bbox 1059 3529 1134 3593; x_wconf 70' lang='lat' dir='ltr'>mim</span> <span class='ocrx_word' id='word_1_301' title='bbox 1156 3526 1290 3591; x_wconf 85' lang='lat' dir='ltr'>mendose</span> <span class='ocrx_word' id='word_1_302' title='bbox 1312 3525 1396 3589; x_wconf 87' lang='lat' dir='ltr'>modo</span> 
     </span>
     <span class='ocr_line' id='line_1_33' title="bbox 298 3625 1397 3716; baseline -0.002 -23"><span class='ocrx_word' id='word_1_303' title='bbox 298 3629 449 3716; x_wconf 84' lang='lat' dir='ltr'>quaedam,</span> <span class='ocrx_word' id='word_1_304' title='bbox 470 3626 521 3693; x_wconf 87' lang='lat' dir='ltr'>sed</span> <span class='ocrx_word' id='word_1_305' title='bbox 544 3625 624 3711; x_wconf 82' lang='lat' dir='ltr'>plura</span> <span class='ocrx_word' id='word_1_306' title='bbox 648 3629 733 3693; x_wconf 87' lang='lat' dir='ltr'>etiam</span> <span class='ocrx_word' id='word_1_307' title='bbox 756 3627 803 3693; x_wconf 89' lang='lat' dir='ltr'>bie</span> <span class='ocrx_word' id='word_1_308' title='bbox 823 3631 946 3695; x_wconf 67' lang='grc' dir='ltr'>ωιιῑὶΙαίι</span> <span class='ocrx_word' id='word_1_309' title='bbox 968 3630 1016 3694; x_wconf 80' lang='lat' dir='ltr'>sed</span> <span class='ocrx_word' id='word_1_310' title='bbox 1038 3631 1165 3714; x_wconf 85' lang='lat' dir='ltr'>comperi</span> <span class='ocrx_word' id='word_1_311' title='bbox 1181 3626 1228 3691; x_wconf 88' lang='lat' dir='ltr'>vel</span> <span class='ocrx_word' id='word_1_312' title='bbox 1245 3626 1397 3709; x_wconf 80' lang='lat' dir='ltr'>suspicatae</span> 
     </span>
     <span class='ocr_line' id='line_1_34' title="bbox 298 3727 1397 3816; baseline -0.002 -23"><span class='ocrx_word' id='word_1_313' title='bbox 298 3752 373 3804; x_wconf 84' lang='lat' dir='ltr'>sum,</span> <span class='ocrx_word' id='word_1_314' title='bbox 396 3729 470 3814; x_wconf 87' lang='lat' dir='ltr'>quod</span> <span class='ocrx_word' id='word_1_315' title='bbox 484 3727 631 3813; x_wconf 83' lang='lat' dir='ltr'>aliquoties</span> <span class='ocrx_word' id='word_1_316' title='bbox 650 3728 679 3791; x_wconf 88' lang='lat' dir='ltr'>iu</span> <span class='ocrx_word' id='word_1_317' title='bbox 700 3728 920 3793; x_wconf 72' lang='lat' dir='ltr'>macionibus</span> <span class='ocrx_word' id='word_1_318' title='bbox 940 3730 1059 3794; x_wconf 82' lang='lat' dir='ltr'>ostendi.</span> <span class='ocrx_word' id='word_1_319' title='bbox 1102 3749 1189 3816; x_wconf 83' lang='lat' dir='ltr'>porro</span> <span class='ocrx_word' id='word_1_320' title='bbox 1209 3737 1300 3791; x_wconf 87' lang='lat' dir='ltr'>autem</span> <span class='ocrx_word' id='word_1_321' title='bbox 1313 3727 1397 3791; x_wconf 73' lang='lat' dir='ltr'>duddo</span> 
     </span>
     <span class='ocr_line' id='line_1_35' title="bbox 296 3827 1396 3914; baseline -0.004 -17"><span class='ocrx_word' id='word_1_322' title='bbox 296 3832 467 3897; x_wconf 83' lang='lat' dir='ltr'>crediderim</span> <span class='ocrx_word' id='word_1_323' title='bbox 486 3830 608 3895; x_wconf 86' lang='lat' dir='ltr'>dectores</span> <span class='ocrx_word' id='word_1_324' title='bbox 630 3829 659 3893; x_wconf 86' lang='lat' dir='ltr'>in</span> <span class='ocrx_word' id='word_1_325' title='bbox 683 3827 765 3893; x_wconf 89' lang='lat' dir='ltr'>bouis</span> <span class='ocrx_word' id='word_1_326' title='bbox 778 3829 959 3913; x_wconf 87' lang='lat' dir='ltr'>scriptoribus</span> <span class='ocrx_word' id='word_1_327' title='bbox 972 3841 1098 3895; x_wconf 84' lang='lat' dir='ltr'>versatos</span> <span class='ocrx_word' id='word_1_328' title='bbox 1118 3843 1146 3894; x_wconf 93' lang='lat' dir='ltr'>et</span> <span class='ocrx_word' id='word_1_329' title='bbox 1159 3827 1260 3893; x_wconf 88' lang='lat' dir='ltr'>iudicio</span> <span class='ocrx_word' id='word_1_330' title='bbox 1274 3828 1396 3914; x_wconf 79' lang='lat' dir='ltr'>aliquau-</span> 
     </span>
     <span class='ocr_line' id='line_1_36' title="bbox 298 3928 1454 4019; baseline -0.004 -21"><span class='ocrx_word' id='word_1_331' title='bbox 298 3947 355 3999; x_wconf 84' lang='lat' dir='ltr'>tuur</span> <span class='ocrx_word' id='word_1_332' title='bbox 375 3954 456 4019; x_wconf 85' lang='lat' dir='ltr'>quam</span> <span class='ocrx_word' id='word_1_333' title='bbox 476 3933 575 4019; x_wconf 83' lang='lat' dir='ltr'>vulgus</span> <span class='ocrx_word' id='word_1_334' title='bbox 595 3929 698 3997; x_wconf 86' lang='lat' dir='ltr'>acriori</span> <span class='ocrx_word' id='word_1_335' title='bbox 713 3928 872 4015; x_wconf 86' lang='lat' dir='ltr'>praeditos,</span> <span class='ocrx_word' id='word_1_336' title='bbox 895 3930 943 3997; x_wconf 91' lang='lat' dir='ltr'>ubi</span> <span class='ocrx_word' id='word_1_337' title='bbox 956 3930 1106 3997; x_wconf 82' lang='lat' dir='ltr'>doctiorem</span> <span class='ocrx_word' id='word_1_338' title='bbox 1119 3930 1199 3995; x_wconf 84' lang='lat' dir='ltr'>buius</span> <span class='ocrx_word' id='word_1_339' title='bbox 1212 3930 1309 4015; x_wconf 88' lang='lat' dir='ltr'>operis</span> <span class='ocrx_word' id='word_1_340' title='bbox 1322 3928 1396 3993; x_wconf 86' lang='lat' dir='ltr'>iusti·</span> <span class='ocrx_word' id='word_1_341' title='bbox 1450 3961 1454 3971; x_wconf 88' lang='lat'><strong>·</strong></span> 
     </span>
     <span class='ocr_line' id='line_1_37' title="bbox 301 4028 1395 4120; baseline -0.007 -19"><span class='ocrx_word' id='word_1_342' title='bbox 301 4036 416 4113; x_wconf 86' lang='lat' dir='ltr'>tuerint,</span> <span class='ocrx_word' id='word_1_343' title='bbox 439 4034 585 4101; x_wconf 82' lang='lat' dir='ltr'>modestius</span> <span class='ocrx_word' id='word_1_344' title='bbox 605 4030 744 4120; x_wconf 82' lang='lat' dir='ltr'>prmcipio</span> <span class='ocrx_word' id='word_1_345' title='bbox 765 4028 869 4116; x_wconf 81' lang='lat' dir='ltr'>aliquid</span> <span class='ocrx_word' id='word_1_346' title='bbox 890 4033 1041 4099; x_wconf 84' lang='lat' dir='ltr'>autetiam</span> <span class='ocrx_word' id='word_1_347' title='bbox 1064 4052 1187 4098; x_wconf 77' lang='lat' dir='ltr'>museus</span> <span class='ocrx_word' id='word_1_348' title='bbox 1201 4041 1395 4095; x_wconf 73' lang='lat' dir='ltr'>wutraoturos.</span> 
     </span>
     <span class='ocr_line' id='line_1_38' title="bbox 302 4131 1400 4223; baseline -0.006 -22"><span class='ocrx_word' id='word_1_349' title='bbox 302 4136 441 4223; x_wconf 80' lang='lat' dir='ltr'>pollicitus</span> <span class='ocrx_word' id='word_1_350' title='bbox 454 4139 527 4203; x_wconf 83' lang='lat' dir='ltr'>euim</span> <span class='ocrx_word' id='word_1_351' title='bbox 541 4150 639 4203; x_wconf 82' lang='lat' dir='ltr'>auctor</span> <span class='ocrx_word' id='word_1_352' title='bbox 661 4136 698 4201; x_wconf 81' lang='lat' dir='ltr'>ab</span> <span class='ocrx_word' id='word_1_353' title='bbox 711 4138 792 4203; x_wconf 85' lang='lat' dir='ltr'>initio</span> <span class='ocrx_word' id='word_1_354' title='bbox 805 4135 898 4199; x_wconf 86' lang='lat' dir='ltr'>muudi</span> <span class='ocrx_word' id='word_1_355' title='bbox 912 4157 998 4221; x_wconf 83' lang='lat' dir='ltr'>usque</span> <span class='ocrx_word' id='word_1_356' title='bbox 1019 4134 1057 4199; x_wconf 85' lang='lat' dir='ltr'>ed</span> <span class='ocrx_word' id='word_1_357' title='bbox 1069 4154 1119 4196; x_wconf 88' lang='lat' dir='ltr'>sua</span> <span class='ocrx_word' id='word_1_358' title='bbox 1131 4144 1257 4218; x_wconf 87' lang='lat' dir='ltr'>tempora</span> <span class='ocrx_word' id='word_1_359' title='bbox 1269 4131 1400 4197; x_wconf 81' lang='lat' dir='ltr'>historias</span> 
     </span>
     <span class='ocr_line' id='line_1_39' title="bbox 306 4233 1401 4328; baseline -0.006 -22"><span class='ocrx_word' id='word_1_360' title='bbox 306 4262 338 4307; x_wconf 83' lang='lat' dir='ltr'>se</span> <span class='ocrx_word' id='word_1_361' title='bbox 363 4240 527 4328; x_wconf 84' lang='lat' dir='ltr'>compendio</span> <span class='ocrx_word' id='word_1_362' title='bbox 550 4242 746 4316; x_wconf 60' lang='lat' dir='ltr'>recitatum·</span> <span class='ocrx_word' id='word_1_363' title='bbox 771 4238 823 4323; x_wconf 82' lang='lat' dir='ltr'>ubi</span> <span class='ocrx_word' id='word_1_364' title='bbox 842 4236 880 4303; x_wconf 82' lang='lat' dir='ltr'>ad</span> <span class='ocrx_word' id='word_1_365' title='bbox 902 4259 962 4304; x_wconf 88' lang='lat' dir='ltr'>rem</span> <span class='ocrx_word' id='word_1_366' title='bbox 985 4248 1094 4303; x_wconf 77' lang='lat' dir='ltr'>voutam</span> <span class='ocrx_word' id='word_1_367' title='bbox 1113 4247 1167 4313; x_wconf 82' lang='lat' dir='ltr'>est,</span> <span class='ocrx_word' id='word_1_368' title='bbox 1186 4254 1278 4319; x_wconf 72' lang='lat' dir='ltr'>usaue</span> <span class='ocrx_word' id='word_1_369' title='bbox 1296 4233 1401 4321; x_wconf 88' lang='lat' dir='ltr'>optimo</span> 
     </span>
    </p>
   </div>
   <div class='ocr_carea' id='block_1_5' title="bbox 0 0 1589 4809">
    <p class='ocr_par' dir='ltr' id='par_1_6' title="bbox 0 0 1589 4809">
     <span class='ocr_line' id='line_1_40' title="bbox 0 0 1589 4809; baseline 0 0"><span class='ocrx_word' id='word_1_370' title='bbox 0 0 1589 4809; x_wconf 95' lang='lat' dir='ltr'> </span> 
     </span>
    </p>
   </div>
  </div>
 </body>
</html>
