3134 4809
384 427 683 497 HISTORIARUM
705 430 999 499 GOMPENDIUM.
1170 432 1246 503 357

147 598 276 681 πότερον
287 597 343 680 τὴν
355 602 416 664 τῶν
430 604 551 664 πολλῶν
566 595 658 675 δόξαν
674 601 726 665 δεῖ
736 595 818 683 ἡμᾶς
833 600 1061 666 πείθεσθαικαὶ
1078 608 1246 690 φοβεῖσθαι

148 701 170 785 ἢ
191 702 248 784 τὴν
266 706 324 766 τού
343 698 427 780 ἑκάς,
453 701 485 767 εί
498 728 545 779 τις
564 698 646 768 ἴστιν
665 702 779 767 ἔπαίων
800 693 837 767 ού
858 705 921 781 δεῖ,
946 704 997 769 καὶ
1014 710 1180 789 φοβεῖσθαι
1194 708 1245 771 καὶ
1317 693 1325 705 '

128 876 132 887 Ι
151 801 351 887 αίσχύνεσδαι
369 811 488 886 μᾶλλον
503 803 524 888 ἢ
540 801 717 886 ξύμπαντας
729 804 801 881 τοδς
819 803 948 887 ἀλλους,·
974 797 1000 893 ᾧ
1016 808 1043 870 εί
1056 806 1100 889 μὴ
1116 808 1245 873 ἀκολου·
1314 864 1316 869 ,

150 904 303 989 δήσομεν,
322 909 427 983 δεινῶς
442 904 659 990 λωβησάμεθα.
710 905 765 973 ούκ
779 906 842 993 ἀρα
856 933 906 992 γε,
931 900 1123 991 ῶβίλτιστε,
1149 934 1242 996 ‹ppos-
1262 924 1285 977 C

127 1008 267 1077 ὅτιστίον
278 1005 352 1092 ἡμῖν
363 1012 396 1075 τί
406 1012 526 1096 ε’ροῶσιν
539 1006 614 1093 ἡμῖν
626 1010 655 1075 oi
666 1011 788 1089 πολλοί,
816 1010 896 1078 ἀλλὰ
914 1013 947 1075 τί
961 1011 997 1077 τὸ
1018 1012 1123 1076 ίπαλον
1138 1018 1182 1099 τῷ
1198 1016 1217 1077 δ
1219 1040 1247 1077 ι-

151 1114 228 1200 καίῳ
247 1114 300 1177 καλ
321 1111 434 1199 ἀδίκῳ,
458 1111 525 1197 ἥτις
543 1114 623 1179 ἐστὶν
638 1110 659 1197 ἢ
676 1110 819 1196 ἀλήθεια.
867 1121 966 1179 ταῦτα
981 1115 1014 1179 δὲ
1030 1120 1169 1201 φανερῶς
1186 1116 1247 1179 εὀί-

151 1239 224 1282 κασι
239 1225 304 1291 τοῖς
318 1211 474 1303 ἡμετίροις
487 1222 605 1297 μᾶλλον
618 1214 709 1303 ῖεροῖς
722 1218 774 1281 καὶ
787 1214 996 1294 ἀποστολικοῖς
1014 1212 1182 1303 λύγοις,“ίν
1200 1213 1247 1294 οἷς

151 1320 246 1404 φησίν
267 1315 284 1383 ὅ
302 1319 398 1402 μίγας
413 1322 542 1396 Παῦλος
559 1316 635 1384 “dod
650 1325 712 1384 τῶν
727 1318 829 1387 ὅπλων
845 1326 899 1403 τῆς
915 1318 1181 1403 δικαιοσύνηςτῶν
1195 1322 1246 1385 δε-

152 1424 224 1497 ξίων
247 1422 298 1485 καλ
320 1420 504 1509 ἀριστερῶν,
528 1422 582 1487 διὰ
599 1419 691 1505 δόξης
704 1426 757 1487 καλ
773 1422 910 1504 ἀτιμίας,
936 1424 988 1489 διὰ
1005 1424 1181 1511 δυσφημίας
1194 1425 1247 1489 καὶ

113 1524 309 1606 1οἀδυμίσς,
333 1520 377 1600 ῶς
393 1521 504 1589 πλάνοι
524 1526 576 1589 καὶ
597 1523 740 1608 ἀληθεῖς,
762 1521 804 1602 ῶς
825 1524 1021 1610 ἀγνοούμενοι
1039 1528 1089 1592 καὶ
1109 1528 1247 1610 ἐπιγινω-

152 1622 310 1709 σκόμενοι,
344 1623 387 1704 ῶς
408 1624 652 1710 ἀποθνήσκοντες
671 1630 723 1692 καὶ
746 1627 814 1694 ἰδού
836 1630 948 1711 ζῶμεν,
973 1626 1016 1706 ῶς
1036 1626 1248 1710 παιδευόμενοι

154 1727 266 1812 καὶμὴ
284 1728 531 1813 θανατούμενοι”
552 1732 603 1795 καὶ
622 1730 663 1795 τὰ
682 1728 761 1813 ἑξῆς.
810 1727 952 1815 τοιαύτην
974 1723 1028 1798 σύν
1047 1734 1114 1819 περὶ
1131 1734 1248 1796 δικαιο-

153 1830 247 1915 σύνης
260 1835 311 1897 καὶ
325 1834 495 1921 δεαρίστου
508 1835 659 1911 πολιτείας
671 1830 750 1898 πάνυ
765 1831 930 1921 Σωκράτης
945 1838 994 1899 καλ
1008 1833 1142 1899 Πλάτων
1159 1836 1247 1899 διδα-
1262 1842 1287 1897 D

153 1938 281 1999 σκαλίαν
294 1932 491 2019 ἐποιήσαντο,
513 1936 700 2019 θαυμαστὴν
713 1934 808 2013 ὅντως
818 1940 869 2001 καὶ
881 1938 1051 2017 ἀξιέπαινον
1066 1936 1193 2020 ἀληθῶς
1208 1942 1247 2023 τῇ

112 2042 148 2099 16
155 2042 262 2125 λογικῇ
281 2035 372 2126 φύσει
391 2044 453 2105 τῶν
470 2036 644 2127 ἀνθρῶπιον
658 2041 896 2122 συμβαίνουσαν.
945 2040 986 2107 roi
1000 2040 1060 2127 γὰρ
1075 2039 1170 2124 ἠθικὰ
1185 2065 1249 2121 μα-

153 2138 284 2223 θήματα
296 2138 413 2219 πάντας
426 2140 611 2229 ἀνθρώπους
631 2139 654 2226 ἦ
674 2141 767 2229 φύσις
786 2144 953 2209 ἐπαίδευσε.
1003 2140 1175 2219 διαπλάσας
1189 2139 1248 2228 γάρ

154 2268 203 2308 τοι
228 2250 290 2309 τῶν
310 2242 483 2331 ἀνθρώπων
498 2245 534 2309 τὸ
549 2245 633 2329 γένος
649 2240 665 2308 ὅ
683 2244 758 2322 θεὸς
780 2246 925 2311 ἔντίδεικε
940 2252 977 2331 τῇ
993 2244 1083 2333 φάσει
1096 2252 1156 2311 τῶν
1172 2245 1250 2331 ἀγα·

155 2350 225 2412 θῶν
239 2350 366 2413 καὶτῶν
380 2348 521 2413 ἐναντίων
538 2347 597 2429 τὴν
616 2344 796 2431 διάγνωσιν,
821 2344 838 2412 ὃ
861 2352 912 2413 καὶ
932 2347 1083 2415 παιδεύων
1104 2346 1179 2431 ibn,
1200 2349 1253 2413 καὶ

156 2445 310 2516 διδάσκων
334 2447 502 2535 ἀνθρωπον
524 2455 645 2535 γνῶσιν.
695 2445 800 2535 διόπερ
831 2450 867 2515 ού
896 2448 990 2533 μόνον
1014 2448 1178 2537 Σωκράτης
1201 2450 1253 2514 καλ

114 2548 293 2618 ΞθΠλάτων
314 2555 366 2618 καλ
389 2552 477 2619 ἀλλοι
500 2552 578 2629 τινές
603 2556 666 2618 τῶν
681 2547 832 2634 Ἑλλήνων
854 2550 907 2617 τδν
929 2550 1035 2619 ἀδικον
1055 2550 1252 2635 ἓβδελύξαντσ

155 2655 226 2737 βίον
231 2702 242 2733 ,
261 2655 403 2721 ἀλλὰκαὶ
416 2659 523 2722 πολλοὶ
537 2660 598 2723 τῶν
609 2652 789 2743 βαρβάρων.
828 2656 879 2719 καὶ
894 2656 952 2742 γὰρ
967 2656 1039 2732 τούς
1051 2651 1254 2742 ύπερβορίους

157 2758 215 2838 μὲν
230 2760 321 2821 οἰκεῖν
336 2754 412 2844 iniq
426 2760 466 2823 τά
478 2755 599 2829 Ῥιπαῖα
618 2756 675 2843 ὅρη
696 2760 807 2846 φασίν,
833 2758 934 2825 ἀσκεῖν
951 2759 984 2823 δὲ
1002 2754 1196 2841 δικαιοσύνην
1208 2755 1253 2839 μὴ

159 2866 410 2948 κρεωφαγοῖντας
425 2861 495 2929 ἀλλ’
514 2858 696 2951 ἀκροδρύοις
709 2864 761 2929 καὶ
771 2860 865 2929 ύδασι
876 2863 1062 2951 χρωμίνους.
1111 2863 1161 2929 καὶ
1182 2860 1255 2939 τοὺς
1270 2872 1291 2927 1³
1308 2871 1361 2931 204

160 3072 219 3110 eum
232 3055 423 3129 iotemogsvitr
444 3074 478 3112 su
492 3056 616 3113 debemus
633 3055 708 3141 vulpi
723 3056 757 3111 de
772 3058 850 3113 uobis
865 3057 964 3113 iudicis
978 3060 1115 3115 metuere?
1141 3062 1188 3113 sut
1202 3074 1254 3129 po-

159 3126 213 3179 tius
230 3129 327 3196 spretis
344 3128 463 3181 omuibus
479 3127 555 3196 aliis,
572 3128 629 3182 eius
644 3126 768 3181 iudicium
779 3129 899 3181 revereri
914 3128 959 3197 qui
973 3129 999 3181 oi
1012 3131 1082 3198 quod
1097 3135 1196 3181 recturo
1214 3134 1256 3181 est

159 3196 343 3264 obtempereti
368 3198 412 3249 oui
429 3196 481 3249 uisi
497 3214 649 3266 pereamus,
664 3197 759 3265 iugens
775 3196 856 3251 simus
872 3198 991 3253 domuum
1006 3195 1167 3265 percepturi.
1203 3212 1257 3249 nou

161 3262 299 3331 equidem,
316 3264 382 3317 beus
398 3271 443 3331 tu,
460 3266 601 3319 oursudum
617 3265 695 3320 uobis
712 3272 754 3319 est
787 3266 832 3319 uid
848 3264 923 3335 plebs
939 3264 1052 3333 iudicet,
1069 3264 1115 3317 sed
1129 3262 1192 3331 quid
1207 3282 1255 3315 ve-

159 3331 227 3386 ritos
249 3334 360 3400 probet,
383 3347 452 3400 quoe
474 3332 571 3387 iustum
593 3336 627 3387 ob
649 3334 747 3387 iniusto
765 3282 902 3387 diseemit.
936 3333 1002 3385 boec
1019 3332 1158 3401 perspicue
1173 3331 1257 3399 magis

161 3400 436 3454 convertuntuntur
452 3402 536 3455 sumis
555 3410 635 3472 utque
653 3401 812 3483 apostolicis·
822 3402 995 3454 sermonibus.
1029 3416 1087 3453 uem
1104 3397 1201 3451 Paulus
1217 3400 1258 3452 ito

160 3469 288 3540 loquitur.
323 3470 353 3535 (2
365 3470 430 3523 Cor.
444 3470 474 3537 6)
496 3464 594 3523 “srmis
616 3470 735 3523 iustitiae
756 3469 858 3523 dextris
876 3477 904 3522 ot
920 3468 1050 3536 sinistris,
1077 3484 1126 3538 per
1147 3466 1258 3535 glorium

160 3547 191 3592 et
207 3538 391 3607 ignominium,
409 3554 459 3608 per
475 3537 620 3609 opprobrio
634 3546 663 3592 et
678 3539 848 3601 moestitiam
872 3546 995 3607 torquem
1008 3538 1182 3610 impostores,
1199 3553 1258 3589 oum

163 3608 268 3676 quidem
284 3608 365 3662 simus
381 3624 505 3676 veraces,
531 3616 654 3676 tauquam
670 3606 771 3675 ignoti,
795 3609 950 3660 omonimus
967 3608 1038 3676 noti,
1060 3615 1183 3677 tunquam
1200 3622 1256 3658 mo-

161 3677 276 3746 rientes,
298 3694 357 3731 oum
378 3677 484 3745 quidem
505 3676 641 3745 vivemus,
662 3686 692 3729 ut
715 3676 762 3746 qui
780 3676 940 3743 osstigsrnur
962 3693 1049 3746 neque
1067 3684 1154 3731 tumen
1177 3692 1256 3728 ueco-

160 3741 234 3799 mur”
257 3756 310 3802 etc.
344 3746 411 3799 buno
434 3747 468 3800 de
489 3745 592 3801 iustitis
614 3762 646 3798 se
668 3744 741 3799 vites
765 3744 869 3798 ratione
892 3748 943 3798 deo
967 3756 1092 3817 aceeptus
1113 3744 1257 3799 doctrinam

160 3813 295 3883 principes
323 3815 536 3885 pbilosophorum
561 3816 687 3868 Socrates
711 3832 743 3868 se
765 3814 843 3867 Plato
869 3814 1047 3885 tradiderunt,
1080 3813 1257 3868 admirabilem

161 3883 297 3952 proieoto,
321 3893 349 3937 et
364 3884 442 3939 leudo
458 3886 577 3954 dignum,
593 3890 625 3938 ut
641 3900 710 3952 quoe
725 3883 762 3938 sit
776 3883 875 3937 rutioui
891 3884 1003 3938 bominis
1020 3884 1133 3937 naturali
1146 3900 1257 3937 consen-

162 3959 252 4003 ποτε.
286 3952 382 4007 etenim
397 3954 517 4008 doctrina
531 3970 631 4008 morum
647 3970 736 4007 omnes
752 3953 871 4007 homiues
886 3956 919 4009 ob
936 3954 995 4025 ipss
1008 3962 1103 4009 nature
1115 3952 1257 4006 instituun-

162 4028 217 4073 tur.
251 4022 350 4103 quippe
369 4024 435 4077 deus
453 4041 510 4078 oum
528 4023 665 4077 humerum
682 4040 765 4089 genus
786 4022 961 4093 condidisset,
988 4024 1044 4077 eius
1061 4029 1170 4086 orturus
1187 4023 1258 4075 bono

162 4105 196 4142 oe
210 4086 279 4141 mels
294 4090 460 4145 discernendi
475 4092 605 4145 rstiooem
620 4090 733 4156 iudidit3
757 4090 879 4160 idemque
895 4100 987 4161 gentos
1005 4090 1103 4146 erudiit
1124 4100 1152 4143 ot
1172 4090 1257 4143 boroi-

162 4174 222 4214 uem
244 4158 395 4225 eoguitioue
413 4160 517 4215 imbuit.
550 4161 643 4231 itsque
660 4177 713 4213 nou
726 4167 827 4214 tentum
843 4161 967 4215 Socrates
981 4160 1058 4215 Plato
1075 4160 1172 4229 sliiquo
1189 4177 1256 4213 uon-

162 4226 228 4280 uuili
244 4227 343 4280 Grseei
358 4228 482 4283 iuiostem
498 4239 560 4284 suut
576 4229 720 4284 sbomiusti
740 4230 834 4296 vitum,
859 4230 907 4285 sed
932 4239 959 4284 et
981 4232 1161 4283 barbarorum
1172 4230 1257 4285 multi.
1291 4258 1292 4263 =

163 4296 263 4378 quippe
278 4296 470 4417 Hypierboreos
486 4300 565 4353 etism
583 4299 724 4370 perbibent
739 4298 861 4353 habituro
876 4307 949 4353 treus
965 4298 1081 4369 Ripaeos
1096 4304 1198 4351 montes
1214 4299 1257 4353 iu·

163 4374 255 4419 strnue
278 4374 321 4419 sto
350 4384 365 4419 o
388 4367 494 4421 mirre
514 4368 707 4423 incumbentes:
731 4384 790 4421 uem
807 4386 893 4439 nequo
908 4368 1032 4423 omuibus
1051 4376 1206 4437 vescuntur,
1230 4372 1259 4421 et

164 4436 287 4490 orborum
309 4434 438 4493 fructibus
458 4437 564 4494 duntur
585 4454 734 4510 uqosmquo
756 4436 861 4503 bibunt.
896 4446 924 4493 et
945 4436 1119 4495 Bruobrosuos
1137 4438 1166 4493 iu
1183 4434 1261 4491 silvis
