<?xml version="1.0" encoding="UTF-8"?>
<!DOCTYPE html PUBLIC "-//W3C//DTD XHTML 1.0 Transitional//EN"
    "http://www.w3.org/TR/xhtml1/DTD/xhtml1-transitional.dtd">
<html xmlns="http://www.w3.org/1999/xhtml" xml:lang="en" lang="en">
 <head>
  <title>
</title>
<meta http-equiv="Content-Type" content="text/html;charset=utf-8" />
  <meta name='ocr-system' content='tesseract 3.04.00' />
  <meta name='ocr-capabilities' content='ocr_page ocr_carea ocr_par ocr_line ocrx_word'/>
</head>
<body>
  <div class='ocr_page' id='page_1' title='image "./corpusscriptoru47theogoog_0079.png"; bbox 0 0 3134 4809; ppageno 0'>
   <div class='ocr_carea' id='block_1_1' title="bbox 425 322 1283 411">
    <p class='ocr_par' dir='ltr' id='par_1_1' title="bbox 425 322 1283 411">
     <span class='ocr_line' id='line_1_1' title="bbox 425 322 1283 411; baseline 0.006 -20"><span class='ocrx_word' id='word_1_1' title='bbox 425 322 718 393; x_wconf 77' lang='lat' dir='ltr'><strong>HISTORJARUM</strong></span> <span class='ocrx_word' id='word_1_2' title='bbox 743 325 1035 395; x_wconf 69' lang='lat' dir='ltr'>communiit</span> <span class='ocrx_word' id='word_1_3' title='bbox 1073 392 1079 411; x_wconf 81' lang='grc'><strong><em>,</em></strong></span> <span class='ocrx_word' id='word_1_4' title='bbox 1233 326 1283 397; x_wconf 83' lang='grc'><strong><em>57</em></strong></span> 
     </span>
    </p>
   </div>
   <div class='ocr_carea' id='block_1_2' title="bbox 140 492 1318 2857">
    <p class='ocr_par' dir='ltr' id='par_1_2' title="bbox 187 492 1281 893">
     <span class='ocr_line' id='line_1_2' title="bbox 188 492 1281 585; baseline 0.004 -26"><span class='ocrx_word' id='word_1_5' title='bbox 188 496 240 559; x_wconf 78' lang='grc' dir='ltr'><strong><em>καὶ</em></strong></span> <span class='ocrx_word' id='word_1_6' title='bbox 266 492 361 573; x_wconf 70' lang='grc' dir='ltr'><strong><em>οὕτως</em></strong></span> <span class='ocrx_word' id='word_1_7' title='bbox 382 494 472 563; x_wconf 83' lang='grc' dir='ltr'><strong><em>ἐκεῒσι</em></strong></span> <span class='ocrx_word' id='word_1_8' title='bbox 493 497 644 585; x_wconf 71' lang='grc' dir='ltr'><strong><em>εἰρηνικὰς</em></strong></span> <span class='ocrx_word' id='word_1_9' title='bbox 666 493 858 578; x_wconf 82' lang='grc' dir='ltr'><strong><em>διαθέμενοι,</em></strong></span> <span class='ocrx_word' id='word_1_10' title='bbox 879 498 1035 583; x_wconf 77' lang='grc' dir='ltr'><strong><em>Ἀβιμέλεχ</em></strong></span> <span class='ocrx_word' id='word_1_11' title='bbox 1052 499 1108 581; x_wconf 89' lang='grc' dir='ltr'><strong><em>μέν</em></strong></span> <span class='ocrx_word' id='word_1_12' title='bbox 1124 497 1203 580; x_wconf 74' lang='grc' dir='ltr'><strong><em>μετὰ</em></strong></span> <span class='ocrx_word' id='word_1_13' title='bbox 1220 504 1281 563; x_wconf 84' lang='grc' dir='ltr'><strong><em>τῶν</em></strong></span> 
     </span>
     <span class='ocr_line' id='line_1_3' title="bbox 189 598 1280 689; baseline 0.002 -26"><span class='ocrx_word' id='word_1_14' title='bbox 189 600 306 663; x_wconf 82' lang='grc' dir='ltr'><strong><em>οέκείων</em></strong></span> <span class='ocrx_word' id='word_1_15' title='bbox 321 598 422 667; x_wconf 70' lang='grc' dir='ltr'><strong><em>οἴκαδε</em></strong></span> <span class='ocrx_word' id='word_1_16' title='bbox 437 602 625 684; x_wconf 76' lang='grc' dir='ltr'><strong><em>ἐπανῆλθεν,</em></strong></span> <span class='ocrx_word' id='word_1_17' title='bbox 645 599 790 685; x_wconf 81' lang='grc' dir='ltr'><strong><em>Ἀβραὰμ</em></strong></span> <span class='ocrx_word' id='word_1_18' title='bbox 804 603 837 665; x_wconf 74' lang='lat' dir='ltr'><strong><em>ii</em></strong></span> <span class='ocrx_word' id='word_1_19' title='bbox 852 600 986 689; x_wconf 75' lang='grc' dir='ltr'><strong><em>ἄρουραν</em></strong></span> <span class='ocrx_word' id='word_1_20' title='bbox 997 602 1018 686; x_wconf 82' lang='grc' dir='ltr'><em>ἢ</em></span> <span class='ocrx_word' id='word_1_21' title='bbox 1029 607 1161 686; x_wconf 78' lang='grc' dir='ltr'><strong><em>λειμῶνα</em></strong></span> <span class='ocrx_word' id='word_1_22' title='bbox 1175 604 1222 668; x_wconf 75' lang='grc' dir='ltr'><strong><em>ἐπὶ</em></strong></span> <span class='ocrx_word' id='word_1_23' title='bbox 1234 607 1280 687; x_wconf 76' lang='grc' dir='ltr'><strong><em>τῷ</em></strong></span> 
     </span>
     <span class='ocr_line' id='line_1_4' title="bbox 187 700 1280 791; baseline 0.005 -26"><span class='ocrx_word' id='word_1_24' title='bbox 187 707 244 765; x_wconf 77' lang='grc' dir='ltr'><strong><em>τοῦ</em></strong></span> <span class='ocrx_word' id='word_1_25' title='bbox 269 700 359 788; x_wconf 78' lang='grc' dir='ltr'><strong><em>ὅρκου</em></strong></span> <span class='ocrx_word' id='word_1_26' title='bbox 383 704 492 791; x_wconf 85' lang='grc' dir='ltr'><strong><em>φρέατι</em></strong></span> <span class='ocrx_word' id='word_1_27' title='bbox 517 700 671 790; x_wconf 77' lang='grc' dir='ltr'><strong><em>φυτεύσας</em></strong></span> <span class='ocrx_word' id='word_1_28' title='bbox 692 701 726 767; x_wconf 82' lang='grc' dir='ltr'><strong><em>τὸ</em></strong></span> <span class='ocrx_word' id='word_1_29' title='bbox 750 702 847 786; x_wconf 80' lang='grc' dir='ltr'><strong><em>ὄνομα</em></strong></span> <span class='ocrx_word' id='word_1_30' title='bbox 867 705 1036 787; x_wconf 82' lang='grc' dir='ltr'><strong><em>ἐπικέκληκε</em></strong></span> <span class='ocrx_word' id='word_1_31' title='bbox 1058 708 1179 790; x_wconf 84' lang='grc' dir='ltr'><strong><em>κυρίου,</em></strong></span> <span class='ocrx_word' id='word_1_32' title='bbox 1204 705 1280 781; x_wconf 81' lang='grc' dir='ltr'><strong><em>θεὸς</em></strong></span> 
     </span>
     <span class='ocr_line' id='line_1_5' title="bbox 189 798 1280 893; baseline 0.004 -26"><span class='ocrx_word' id='word_1_33' title='bbox 189 802 316 881; x_wconf 82' lang='grc' dir='ltr'><strong><em>αίιάνιος.</em></strong></span> <span class='ocrx_word' id='word_1_34' title='bbox 368 810 411 884; x_wconf 83' lang='grc' dir='ltr'><strong><em>είς</em></strong></span> <span class='ocrx_word' id='word_1_35' title='bbox 430 807 519 890; x_wconf 72' lang='grc' dir='ltr'><strong><em>βαθὺ</em></strong></span> <span class='ocrx_word' id='word_1_36' title='bbox 543 798 596 873; x_wconf 70' lang='grc' dir='ltr'><strong><em>οὖν</em></strong></span> <span class='ocrx_word' id='word_1_37' title='bbox 616 812 713 893; x_wconf 79' lang='grc' dir='ltr'><strong><em>γῆρας</em></strong></span> <span class='ocrx_word' id='word_1_38' title='bbox 734 805 847 883; x_wconf 82' lang='grc' dir='ltr'><strong><em>ἐλάσας</em></strong></span> <span class='ocrx_word' id='word_1_39' title='bbox 862 804 1021 893; x_wconf 80' lang='grc' dir='ltr'><strong><em>Ἀβραάμ,</em></strong></span> <span class='ocrx_word' id='word_1_40' title='bbox 1050 810 1101 871; x_wconf 79' lang='grc' dir='ltr'><strong><em>καί</em></strong></span> <span class='ocrx_word' id='word_1_41' title='bbox 1124 806 1280 891; x_wconf 80' lang='grc' dir='ltr'><strong><em>γενόμενος</em></strong></span> 
     </span>
    </p>

    <p class='ocr_par' dir='ltr' id='par_1_3' title="bbox 160 905 1278 1099">
     <span class='ocr_line' id='line_1_6' title="bbox 160 905 1278 995; baseline 0 -22"><span class='ocrx_word' id='word_1_42' title='bbox 160 907 262 973; x_wconf 70' lang='lat' dir='ltr'>§istis</span> <span class='ocrx_word' id='word_1_43' title='bbox 276 905 351 993; x_wconf 83' lang='grc' dir='ltr'><strong><em>ρος’,</em></strong></span> <span class='ocrx_word' id='word_1_44' title='bbox 377 912 507 993; x_wconf 83' lang='grc' dir='ltr'><strong><em>μετέστη</em></strong></span> <span class='ocrx_word' id='word_1_45' title='bbox 522 910 598 995; x_wconf 87' lang='grc' dir='ltr'><strong><em>πρὸς</em></strong></span> <span class='ocrx_word' id='word_1_46' title='bbox 609 910 661 974; x_wconf 87' lang='grc' dir='ltr'><strong><em>τὸν</em></strong></span> <span class='ocrx_word' id='word_1_47' title='bbox 674 906 759 974; x_wconf 86' lang='grc' dir='ltr'><strong><em>θεάν.</em></strong></span> <span class='ocrx_word' id='word_1_48' title='bbox 810 916 919 975; x_wconf 76' lang='grc' dir='ltr'><strong><em>τοῦτον</em></strong></span> <span class='ocrx_word' id='word_1_49' title='bbox 930 910 1035 975; x_wconf 77' lang='grc' dir='ltr'><strong><em>Ἰσαάκ</em></strong></span> <span class='ocrx_word' id='word_1_50' title='bbox 1049 912 1099 973; x_wconf 78' lang='grc' dir='ltr'><strong><em>καὶ</em></strong></span> <span class='ocrx_word' id='word_1_51' title='bbox 1109 909 1233 993; x_wconf 81' lang='grc' dir='ltr'><strong><em>’Ῑσμαὴλ</em></strong></span> <span class='ocrx_word' id='word_1_52' title='bbox 1248 911 1278 973; x_wconf 75' lang='grc' dir='ltr'><strong><em>οἱ</em></strong></span> 
     </span>
     <span class='ocr_line' id='line_1_7' title="bbox 185 1008 1137 1099; baseline 0.002 -26"><span class='ocrx_word' id='word_1_53' title='bbox 185 1008 245 1075; x_wconf 71' lang='grc' dir='ltr'><strong><em>υἱοὶ</em></strong></span> <span class='ocrx_word' id='word_1_54' title='bbox 259 1012 356 1076; x_wconf 79' lang='grc' dir='ltr'><strong><em>αὐτοῦ</em></strong></span> <span class='ocrx_word' id='word_1_55' title='bbox 369 1015 401 1077; x_wconf 90' lang='grc' dir='ltr'><strong><em>ἐν</em></strong></span> <span class='ocrx_word' id='word_1_56' title='bbox 415 1019 459 1099; x_wconf 82' lang='grc' dir='ltr'><strong><em>τῷ</em></strong></span> <span class='ocrx_word' id='word_1_57' title='bbox 472 1014 569 1099; x_wconf 78' lang='grc' dir='ltr'><strong><em>διπλῷ</em></strong></span> <span class='ocrx_word' id='word_1_58' title='bbox 582 1015 717 1098; x_wconf 81' lang='grc' dir='ltr'><strong><em>σπηλαίῳ</em></strong></span> <span class='ocrx_word' id='word_1_59' title='bbox 731 1012 810 1093; x_wconf 79' lang='grc' dir='ltr'><strong><em>μετὰ</em></strong></span> <span class='ocrx_word' id='word_1_60' title='bbox 824 1011 950 1098; x_wconf 78' lang='grc' dir='ltr'><strong><em>Σάρρας</em></strong></span> <span class='ocrx_word' id='word_1_61' title='bbox 961 1014 1137 1078; x_wconf 88' lang='grc' dir='ltr'><strong><em>κατέθεντο.</em></strong></span> 
     </span>
    </p>

    <p class='ocr_par' dir='ltr' id='par_1_4' title="bbox 183 1115 1318 1409">
     <span class='ocr_line' id='line_1_8' title="bbox 286 1115 1282 1201; baseline 0 -22"><span class='ocrx_word' id='word_1_62' title='bbox 286 1115 382 1180; x_wconf 81' lang='grc' dir='ltr'><strong><em>Μετὰ</em></strong></span> <span class='ocrx_word' id='word_1_63' title='bbox 407 1122 502 1179; x_wconf 85' lang='grc' dir='ltr'><strong><em>ταῦτα</em></strong></span> <span class='ocrx_word' id='word_1_64' title='bbox 526 1116 734 1201; x_wconf 70' lang='grc' dir='ltr'><strong><em>ἀνδρωθέντος</em></strong></span> <span class='ocrx_word' id='word_1_65' title='bbox 754 1116 857 1181; x_wconf 76' lang='grc' dir='ltr'><strong><em>Ἰσαάκ</em></strong></span> <span class='ocrx_word' id='word_1_66' title='bbox 881 1118 995 1199; x_wconf 74' lang='grc' dir='ltr'><strong><em>ἐγένετο</em></strong></span> <span class='ocrx_word' id='word_1_67' title='bbox 1018 1116 1107 1201; x_wconf 80' lang='grc' dir='ltr'><strong><em>λιμὸς</em></strong></span> <span class='ocrx_word' id='word_1_68' title='bbox 1129 1116 1161 1180; x_wconf 89' lang='grc' dir='ltr'><strong><em>ἐν</em></strong></span> <span class='ocrx_word' id='word_1_69' title='bbox 1183 1121 1221 1201; x_wconf 82' lang='grc' dir='ltr'><strong><em>τῇ</em></strong></span> <span class='ocrx_word' id='word_1_70' title='bbox 1242 1120 1282 1199; x_wconf 78' lang='grc' dir='ltr'><strong><em>γῇ</em></strong></span> 
     </span>
     <span class='ocr_line' id='line_1_9' title="bbox 185 1215 1318 1305; baseline 0.001 -26"><span class='ocrx_word' id='word_1_71' title='bbox 185 1216 296 1285; x_wconf 79' lang='grc' dir='ltr'><strong><em>αὐτῶν.</em></strong></span> <span class='ocrx_word' id='word_1_72' title='bbox 347 1215 493 1283; x_wconf 82' lang='grc' dir='ltr'><strong><em>κωλάεται</em></strong></span> <span class='ocrx_word' id='word_1_73' title='bbox 516 1220 549 1283; x_wconf 79' lang='grc' dir='ltr'><strong><em>δέ</em></strong></span> <span class='ocrx_word' id='word_1_74' title='bbox 571 1218 656 1305; x_wconf 81' lang='grc' dir='ltr'><strong><em>παρὰ</em></strong></span> <span class='ocrx_word' id='word_1_75' title='bbox 681 1226 736 1284; x_wconf 82' lang='grc' dir='ltr'><strong><em>τοῦ</em></strong></span> <span class='ocrx_word' id='word_1_76' title='bbox 761 1224 839 1283; x_wconf 78' lang='grc' dir='ltr'><strong><em>θεοῦ</em></strong></span> <span class='ocrx_word' id='word_1_77' title='bbox 863 1224 906 1297; x_wconf 82' lang='grc' dir='ltr'><strong><em>είς</em></strong></span> <span class='ocrx_word' id='word_1_78' title='bbox 929 1220 1088 1305; x_wconf 69' lang='grc' dir='ltr'><strong><em>Αἴγυπτον</em></strong></span> <span class='ocrx_word' id='word_1_79' title='bbox 1110 1220 1318 1296; x_wconf 60' lang='lat' dir='ltr'>narsitem</span> 
     </span>
     <span class='ocr_line' id='line_1_10' title="bbox 183 1321 1280 1409; baseline 0.001 -26"><span class='ocrx_word' id='word_1_80' title='bbox 183 1323 308 1384; x_wconf 79' lang='grc' dir='ltr'><strong><em>πανοικὶ</em></strong></span> <span class='ocrx_word' id='word_1_81' title='bbox 329 1321 364 1386; x_wconf 78' lang='grc' dir='ltr'><strong><em>δέ</em></strong></span> <span class='ocrx_word' id='word_1_82' title='bbox 383 1325 425 1399; x_wconf 84' lang='grc' dir='ltr'><strong><em>είς</em></strong></span> <span class='ocrx_word' id='word_1_83' title='bbox 443 1322 565 1409; x_wconf 90' lang='grc' dir='ltr'><strong><em>Γέραρα</em></strong></span> <span class='ocrx_word' id='word_1_84' title='bbox 586 1322 662 1408; x_wconf 84' lang='grc' dir='ltr'><strong><em>πρὸς</em></strong></span> <span class='ocrx_word' id='word_1_85' title='bbox 673 1322 831 1406; x_wconf 80' lang='grc' dir='ltr'><strong><em>Ἀβιμέλεχ</em></strong></span> <span class='ocrx_word' id='word_1_86' title='bbox 844 1322 962 1408; x_wconf 64' lang='grc' dir='ltr'><strong><em>ἔρχεται</em></strong></span> <span class='ocrx_word' id='word_1_87' title='bbox 975 1323 1028 1387; x_wconf 81' lang='grc' dir='ltr'><strong><em>τὸν</em></strong></span> <span class='ocrx_word' id='word_1_88' title='bbox 1042 1323 1169 1405; x_wconf 76' lang='grc' dir='ltr'><strong><em>βασιλέα</em></strong></span> <span class='ocrx_word' id='word_1_89' title='bbox 1188 1325 1280 1385; x_wconf 80' lang='grc' dir='ltr'><strong><em>Φιλι-</em></strong></span> 
     </span>
    </p>

    <p class='ocr_par' dir='ltr' id='par_1_5' title="bbox 143 1422 1281 1927">
     <span class='ocr_line' id='line_1_11' title="bbox 143 1422 1279 1513; baseline 0.001 -26"><span class='ocrx_word' id='word_1_90' title='bbox 143 1432 177 1487; x_wconf 85' lang='grc'><strong><em>10</em></strong></span> <span class='ocrx_word' id='word_1_91' title='bbox 184 1423 295 1505; x_wconf 90' lang='grc' dir='ltr'><strong><em>στιείμ.</em></strong></span> <span class='ocrx_word' id='word_1_92' title='bbox 347 1427 420 1513; x_wconf 81' lang='grc' dir='ltr'><strong><em>φησί</em></strong></span> <span class='ocrx_word' id='word_1_93' title='bbox 435 1426 467 1488; x_wconf 72' lang='lat' dir='ltr'><strong><em>ii</em></strong></span> <span class='ocrx_word' id='word_1_94' title='bbox 481 1428 531 1489; x_wconf 81' lang='grc' dir='ltr'><strong><em>καλ</em></strong></span> <span class='ocrx_word' id='word_1_95' title='bbox 547 1424 639 1502; x_wconf 71' lang='grc' dir='ltr'><strong><em>οὗτὸς</em></strong></span> <span class='ocrx_word' id='word_1_96' title='bbox 650 1428 716 1511; x_wconf 80' lang='grc' dir='ltr'><strong><em>περὶ</em></strong></span> <span class='ocrx_word' id='word_1_97' title='bbox 729 1422 888 1507; x_wconf 80' lang='grc' dir='ltr'><strong><em>Ῥεβέκκας</em></strong></span> <span class='ocrx_word' id='word_1_98' title='bbox 904 1424 1097 1513; x_wconf 77' lang='grc' dir='ltr'><strong><em>ὥςἌβραὰμ</em></strong></span> <span class='ocrx_word' id='word_1_99' title='bbox 1111 1428 1177 1513; x_wconf 76' lang='grc' dir='ltr'><strong><em>περὶ</em></strong></span> <span class='ocrx_word' id='word_1_100' title='bbox 1193 1422 1279 1505; x_wconf 78' lang='grc' dir='ltr'><strong><em>Σάρ-</em></strong></span> 
     </span>
     <span class='ocr_line' id='line_1_12' title="bbox 184 1520 1281 1617; baseline 0.004 -29"><span class='ocrx_word' id='word_1_101' title='bbox 184 1550 258 1611; x_wconf 85' lang='grc' dir='ltr'><strong><em>ρας,</em></strong></span> <span class='ocrx_word' id='word_1_102' title='bbox 285 1524 330 1590; x_wconf 80' lang='grc' dir='ltr'><strong><em>ὅτι</em></strong></span> <span class='ocrx_word' id='word_1_103' title='bbox 347 1527 464 1614; x_wconf 77' lang='grc' dir='ltr'><strong><em>ἀδελφή</em></strong></span> <span class='ocrx_word' id='word_1_104' title='bbox 480 1553 540 1611; x_wconf 88' lang='grc' dir='ltr'><strong><em>μου</em></strong></span> <span class='ocrx_word' id='word_1_105' title='bbox 557 1529 653 1595; x_wconf 86' lang='grc' dir='ltr'><strong><em>ἐστίν·</em></strong></span> <span class='ocrx_word' id='word_1_106' title='bbox 679 1520 716 1611; x_wconf 78' lang='grc' dir='ltr'><strong><em>ἦν</em></strong></span> <span class='ocrx_word' id='word_1_107' title='bbox 738 1528 799 1614; x_wconf 77' lang='grc' dir='ltr'><strong><em>γάρ</em></strong></span> <span class='ocrx_word' id='word_1_108' title='bbox 818 1526 918 1616; x_wconf 84' lang='grc' dir='ltr'><strong><em>ὡραία</em></strong></span> <span class='ocrx_word' id='word_1_109' title='bbox 932 1528 1066 1617; x_wconf 80' lang='grc' dir='ltr'><strong><em>σφόδρα.</em></strong></span> <span class='ocrx_word' id='word_1_110' title='bbox 1117 1531 1150 1595; x_wconf 89' lang='grc' dir='ltr'><strong><em>ἐκ</em></strong></span> <span class='ocrx_word' id='word_1_111' title='bbox 1172 1529 1206 1593; x_wconf 79' lang='grc' dir='ltr'><strong><em>δέ</em></strong></span> <span class='ocrx_word' id='word_1_112' title='bbox 1225 1535 1281 1611; x_wconf 79' lang='grc' dir='ltr'><strong><em>τῆς</em></strong></span> 
     </span>
     <span class='ocr_line' id='line_1_13' title="bbox 182 1630 1280 1719; baseline 0.004 -28"><span class='ocrx_word' id='word_1_113' title='bbox 182 1632 308 1705; x_wconf 72' lang='grc' dir='ltr'><strong><em>παιδιάς</em></strong></span> <span class='ocrx_word' id='word_1_114' title='bbox 321 1630 409 1715; x_wconf 63' lang='lat' dir='ltr'>prosit</span> <span class='ocrx_word' id='word_1_115' title='bbox 419 1631 578 1713; x_wconf 82' lang='grc' dir='ltr'><strong><em>Ἀβιμέλεχ</em></strong></span> <span class='ocrx_word' id='word_1_116' title='bbox 595 1642 722 1717; x_wconf 77' lang='grc' dir='ltr'><strong><em>γυναῖκα</em></strong></span> <span class='ocrx_word' id='word_1_117' title='bbox 738 1632 834 1697; x_wconf 82' lang='grc' dir='ltr'><strong><em>αὗτοῦ</em></strong></span> <span class='ocrx_word' id='word_1_118' title='bbox 849 1630 922 1697; x_wconf 80' lang='grc' dir='ltr'><strong><em>είναι</em></strong></span> <span class='ocrx_word' id='word_1_119' title='bbox 931 1681 941 1712; x_wconf 85' lang='grc'><strong><em>,</em></strong></span> <span class='ocrx_word' id='word_1_120' title='bbox 967 1631 1059 1699; x_wconf 71' lang='lat' dir='ltr'>aitis</span> <span class='ocrx_word' id='word_1_121' title='bbox 1080 1633 1137 1714; x_wconf 84' lang='grc' dir='ltr'><strong><em>μέν</em></strong></span> <span class='ocrx_word' id='word_1_122' title='bbox 1159 1631 1280 1719; x_wconf 84' lang='grc' dir='ltr'><strong><em>μέμφε-</em></strong></span> 
     </span>
     <span class='ocr_line' id='line_1_14' title="bbox 183 1728 1279 1822; baseline 0.004 -27"><span class='ocrx_word' id='word_1_123' title='bbox 183 1756 235 1795; x_wconf 88' lang='grc' dir='ltr'><strong><em>ται</em></strong></span> <span class='ocrx_word' id='word_1_124' title='bbox 249 1728 291 1809; x_wconf 78' lang='grc' dir='ltr'><strong><em>ὡς</em></strong></span> <span class='ocrx_word' id='word_1_125' title='bbox 303 1734 436 1817; x_wconf 75' lang='grc' dir='ltr'><strong><em>τάληθὲς</em></strong></span> <span class='ocrx_word' id='word_1_126' title='bbox 448 1733 723 1820; x_wconf 77' lang='grc' dir='ltr'><strong><em>ἀποκρυψάμενον,</em></strong></span> <span class='ocrx_word' id='word_1_127' title='bbox 750 1735 947 1822; x_wconf 83' lang='grc' dir='ltr'><strong><em>ἀποφαίνεται</em></strong></span> <span class='ocrx_word' id='word_1_128' title='bbox 961 1738 994 1801; x_wconf 77' lang='grc' dir='ltr'><strong><em>δέ</em></strong></span> <span class='ocrx_word' id='word_1_129' title='bbox 1007 1734 1106 1800; x_wconf 88' lang='grc' dir='ltr'><strong><em>πάντα</em></strong></span> <span class='ocrx_word' id='word_1_130' title='bbox 1117 1732 1171 1800; x_wconf 79' lang='grc' dir='ltr'><strong><em>τὸν</em></strong></span> <span class='ocrx_word' id='word_1_131' title='bbox 1182 1731 1279 1799; x_wconf 78' lang='lat' dir='ltr'>tinsti-</span> 
     </span>
     <span class='ocr_line' id='line_1_15' title="bbox 183 1834 1278 1927; baseline 0.003 -28"><span class='ocrx_word' id='word_1_132' title='bbox 183 1860 274 1915; x_wconf 87' lang='grc' dir='ltr'><strong><em>μενον</em></strong></span> <span class='ocrx_word' id='word_1_133' title='bbox 294 1836 399 1901; x_wconf 80' lang='grc' dir='ltr'><strong><em>Ἰσαὰκ</em></strong></span> <span class='ocrx_word' id='word_1_134' title='bbox 423 1840 473 1901; x_wconf 77' lang='grc' dir='ltr'><strong><em>καὶ</em></strong></span> <span class='ocrx_word' id='word_1_135' title='bbox 489 1834 647 1920; x_wconf 79' lang='grc' dir='ltr'><strong><em>Ῥεβέκκας</em></strong></span> <span class='ocrx_word' id='word_1_136' title='bbox 666 1840 824 1920; x_wconf 73' lang='grc' dir='ltr'><strong><em>ἐνέχεσθαι</em></strong></span> <span class='ocrx_word' id='word_1_137' title='bbox 837 1838 975 1927; x_wconf 78' lang='grc' dir='ltr'><strong><em>θανάτῳ.</em></strong></span> <span class='ocrx_word' id='word_1_138' title='bbox 1026 1838 1123 1916; x_wconf 74' lang='grc' dir='ltr'><strong><em>οὕτως</em></strong></span> <span class='ocrx_word' id='word_1_139' title='bbox 1135 1834 1278 1921; x_wconf 69' lang='grc' dir='ltr'><strong><em>εὐλόγησε</em></strong></span> 
     </span>
    </p>

    <p class='ocr_par' dir='ltr' id='par_1_6' title="bbox 143 1935 1317 2443">
     <span class='ocr_line' id='line_1_16' title="bbox 143 1935 1276 2025; baseline 0.003 -24"><span class='ocrx_word' id='word_1_140' title='bbox 143 1935 288 2023; x_wconf 80' lang='grc' dir='ltr'><strong><em>15κάριος</em></strong></span> <span class='ocrx_word' id='word_1_141' title='bbox 299 1938 463 2005; x_wconf 68' lang='lat' dir='ltr'>tisicratis</span> <span class='ocrx_word' id='word_1_142' title='bbox 476 1942 533 2019; x_wconf 67' lang='grc' dir='ltr'><strong><em>ἕως</em></strong></span> <span class='ocrx_word' id='word_1_143' title='bbox 545 1944 649 2017; x_wconf 87' lang='grc' dir='ltr'><strong><em>τέλους</em></strong></span> <span class='ocrx_word' id='word_1_144' title='bbox 660 1940 736 2007; x_wconf 80' lang='grc' dir='ltr'><strong><em>ὥστε</em></strong></span> <span class='ocrx_word' id='word_1_145' title='bbox 749 1944 881 2025; x_wconf 82' lang='grc' dir='ltr'><strong><em>ζηλῶσαι</em></strong></span> <span class='ocrx_word' id='word_1_146' title='bbox 895 1948 1003 2007; x_wconf 75' lang='grc' dir='ltr'><strong><em>τοῦτον</em></strong></span> <span class='ocrx_word' id='word_1_147' title='bbox 1013 1942 1084 2020; x_wconf 63' lang='grc' dir='ltr'><strong><em>τοὺς</em></strong></span> <span class='ocrx_word' id='word_1_148' title='bbox 1095 1944 1276 2022; x_wconf 80' lang='grc' dir='ltr'><strong><em>Φιλιστιείμ,</em></strong></span> 
     </span>
     <span class='ocr_line' id='line_1_17' title="bbox 183 2041 1277 2133; baseline 0.005 -29"><span class='ocrx_word' id='word_1_149' title='bbox 183 2044 234 2105; x_wconf 77' lang='grc' dir='ltr'><strong><em>καὶ</em></strong></span> <span class='ocrx_word' id='word_1_150' title='bbox 255 2041 354 2108; x_wconf 88' lang='grc' dir='ltr'><strong><em>πάντα</em></strong></span> <span class='ocrx_word' id='word_1_151' title='bbox 375 2042 414 2107; x_wconf 77' lang='lat' dir='ltr'>sti</span> <span class='ocrx_word' id='word_1_152' title='bbox 434 2046 552 2131; x_wconf 81' lang='grc' dir='ltr'><strong><em>φρέατα</em></strong></span> <span class='ocrx_word' id='word_1_153' title='bbox 567 2044 587 2108; x_wconf 77' lang='grc' dir='ltr'><em>ἃ</em></span> <span class='ocrx_word' id='word_1_154' title='bbox 603 2044 716 2133; x_wconf 79' lang='grc' dir='ltr'><strong><em>ὤρυξεν</em></strong></span> <span class='ocrx_word' id='word_1_155' title='bbox 726 2044 868 2132; x_wconf 76' lang='grc' dir='ltr'><strong><em>Ἀβραάμ</em></strong></span> <span class='ocrx_word' id='word_1_156' title='bbox 881 2042 1045 2132; x_wconf 81' lang='grc' dir='ltr'><strong><em>ἐμφράξαι.</em></strong></span> <span class='ocrx_word' id='word_1_157' title='bbox 1093 2044 1171 2127; x_wconf 74' lang='grc' dir='ltr'><strong><em>μετὰ</em></strong></span> <span class='ocrx_word' id='word_1_158' title='bbox 1187 2052 1277 2109; x_wconf 74' lang='lat' dir='ltr'>seito</span> 
     </span>
     <span class='ocr_line' id='line_1_18' title="bbox 183 2144 1275 2235; baseline 0.003 -27"><span class='ocrx_word' id='word_1_159' title='bbox 183 2144 215 2208; x_wconf 86' lang='grc' dir='ltr'><strong><em>ἐν</em></strong></span> <span class='ocrx_word' id='word_1_160' title='bbox 244 2151 283 2229; x_wconf 80' lang='grc' dir='ltr'><strong><em>τῇ</em></strong></span> <span class='ocrx_word' id='word_1_161' title='bbox 311 2144 445 2233; x_wconf 74' lang='grc' dir='ltr'><strong><em>φάραγγι</em></strong></span> <span class='ocrx_word' id='word_1_162' title='bbox 475 2144 619 2235; x_wconf 86' lang='grc' dir='ltr'><strong><em>Γεράρων</em></strong></span> <span class='ocrx_word' id='word_1_163' title='bbox 646 2150 862 2232; x_wconf 79' lang='grc' dir='ltr'><strong><em>μεταβεβηκὼς</em></strong></span> <span class='ocrx_word' id='word_1_164' title='bbox 891 2146 1061 2235; x_wconf 80' lang='grc' dir='ltr'><strong><em>ἀνεκάθηρε</em></strong></span> <span class='ocrx_word' id='word_1_165' title='bbox 1081 2147 1122 2211; x_wconf 79' lang='grc' dir='ltr'><strong><em>τὰ</em></strong></span> <span class='ocrx_word' id='word_1_166' title='bbox 1144 2148 1275 2233; x_wconf 72' lang='grc' dir='ltr'><strong><em>πατρικιὶ</em></strong></span> 
     </span>
     <span class='ocr_line' id='line_1_19' title="bbox 183 2241 1317 2339; baseline 0.001 -26"><span class='ocrx_word' id='word_1_167' title='bbox 183 2246 312 2334; x_wconf 74' lang='grc' dir='ltr'><strong><em>φρέατα.</em></strong></span> <span class='ocrx_word' id='word_1_168' title='bbox 364 2248 460 2336; x_wconf 75' lang='grc' dir='ltr'><strong><em>ὤρυξε</em></strong></span> <span class='ocrx_word' id='word_1_169' title='bbox 485 2252 519 2315; x_wconf 80' lang='grc' dir='ltr'><strong><em>δέ</em></strong></span> <span class='ocrx_word' id='word_1_170' title='bbox 539 2254 590 2316; x_wconf 79' lang='grc' dir='ltr'><strong><em>καί</em></strong></span> <span class='ocrx_word' id='word_1_171' title='bbox 613 2250 705 2327; x_wconf 78' lang='grc' dir='ltr'><strong><em>αὐτὸς</em></strong></span> <span class='ocrx_word' id='word_1_172' title='bbox 726 2252 843 2339; x_wconf 84' lang='grc' dir='ltr'><strong><em>φρέατα</em></strong></span> <span class='ocrx_word' id='word_1_173' title='bbox 857 2254 945 2339; x_wconf 88' lang='grc' dir='ltr'><strong><em>τρία,</em></strong></span> <span class='ocrx_word' id='word_1_174' title='bbox 968 2241 1010 2317; x_wconf 78' lang='grc' dir='ltr'><strong><em>ὧν</em></strong></span> <span class='ocrx_word' id='word_1_175' title='bbox 1024 2250 1059 2317; x_wconf 80' lang='grc' dir='ltr'><strong><em>τὸ</em></strong></span> <span class='ocrx_word' id='word_1_176' title='bbox 1077 2253 1133 2333; x_wconf 84' lang='grc' dir='ltr'><strong><em>μέν</em></strong></span> <span class='ocrx_word' id='word_1_177' title='bbox 1146 2250 1317 2329; x_wconf 57' lang='lat' dir='ltr'><strong><em>&amp;liaciano</em></strong></span> 
     </span>
     <span class='ocr_line' id='line_1_20' title="bbox 183 2346 1278 2443; baseline 0.004 -28"><span class='ocrx_word' id='word_1_178' title='bbox 183 2350 217 2415; x_wconf 81' lang='grc' dir='ltr'><strong><em>τὸ</em></strong></span> <span class='ocrx_word' id='word_1_179' title='bbox 246 2351 280 2443; x_wconf 80' lang='grc' dir='ltr'><strong><em>δέ</em></strong></span> <span class='ocrx_word' id='word_1_180' title='bbox 304 2350 439 2438; x_wconf 77' lang='grc' dir='ltr'><strong><em>έχθραν,</em></strong></span> <span class='ocrx_word' id='word_1_181' title='bbox 474 2352 509 2418; x_wconf 80' lang='grc' dir='ltr'><strong><em>τὸ</em></strong></span> <span class='ocrx_word' id='word_1_182' title='bbox 534 2354 567 2419; x_wconf 80' lang='grc' dir='ltr'><strong><em>δέ</em></strong></span> <span class='ocrx_word' id='word_1_183' title='bbox 588 2346 690 2439; x_wconf 84' lang='grc' dir='ltr'><strong><em>τρίτον</em></strong></span> <span class='ocrx_word' id='word_1_184' title='bbox 714 2355 901 2441; x_wconf 72' lang='grc' dir='ltr'><strong><em>εὐρυχωρίαν</em></strong></span> <span class='ocrx_word' id='word_1_185' title='bbox 922 2351 1088 2436; x_wconf 77' lang='grc' dir='ltr'><strong><em>ὠνόμασεν.</em></strong></span> <span class='ocrx_word' id='word_1_186' title='bbox 1138 2356 1278 2420; x_wconf 81' lang='grc' dir='ltr'><strong><em>ἐντεῦθεν</em></strong></span> 
     </span>
    </p>

    <p class='ocr_par' dir='ltr' id='par_1_7' title="bbox 140 2453 1279 2857">
     <span class='ocr_line' id='line_1_21' title="bbox 140 2453 1278 2545; baseline 0.002 -26"><span class='ocrx_word' id='word_1_187' title='bbox 140 2453 278 2536; x_wconf 65' lang='grc' dir='ltr'><strong><em>ῖθάνέβη</em></strong></span> <span class='ocrx_word' id='word_1_188' title='bbox 295 2457 342 2518; x_wconf 70' lang='lat' dir='ltr'><strong><em>ini</em></strong></span> <span class='ocrx_word' id='word_1_189' title='bbox 360 2454 394 2521; x_wconf 84' lang='grc' dir='ltr'><strong><em>τὸ</em></strong></span> <span class='ocrx_word' id='word_1_190' title='bbox 411 2456 509 2543; x_wconf 88' lang='grc' dir='ltr'><strong><em>φρέαρ</em></strong></span> <span class='ocrx_word' id='word_1_191' title='bbox 524 2463 579 2523; x_wconf 79' lang='grc' dir='ltr'><strong><em>τοῦ</em></strong></span> <span class='ocrx_word' id='word_1_192' title='bbox 594 2454 685 2544; x_wconf 79' lang='grc' dir='ltr'><strong><em>ὅρκου</em></strong></span> <span class='ocrx_word' id='word_1_193' title='bbox 695 2454 802 2522; x_wconf 78' lang='grc' dir='ltr'><strong><em>Ἰσαάκ</em></strong></span> <span class='ocrx_word' id='word_1_194' title='bbox 808 2505 818 2535; x_wconf 94' lang='grc'><strong><em>,</em></strong></span> <span class='ocrx_word' id='word_1_195' title='bbox 842 2462 892 2523; x_wconf 74' lang='grc' dir='ltr'><strong><em>καὶ</em></strong></span> <span class='ocrx_word' id='word_1_196' title='bbox 914 2458 1009 2545; x_wconf 79' lang='grc' dir='ltr'><strong><em>ὤφθη</em></strong></span> <span class='ocrx_word' id='word_1_197' title='bbox 1027 2457 1110 2544; x_wconf 74' lang='grc' dir='ltr'><strong><em>αὐτῷ</em></strong></span> <span class='ocrx_word' id='word_1_198' title='bbox 1125 2455 1229 2539; x_wconf 75' lang='grc' dir='ltr'><strong><em>κύριος</em></strong></span> <span class='ocrx_word' id='word_1_199' title='bbox 1245 2458 1278 2521; x_wconf 86' lang='grc' dir='ltr'><strong><em>ἐν</em></strong></span> 
     </span>
     <span class='ocr_line' id='line_1_22' title="bbox 183 2553 1278 2645; baseline 0.005 -25"><span class='ocrx_word' id='word_1_200' title='bbox 183 2553 316 2642; x_wconf 86' lang='grc' dir='ltr'><strong><em>ὁράματι</em></strong></span> <span class='ocrx_word' id='word_1_201' title='bbox 342 2564 396 2641; x_wconf 81' lang='grc' dir='ltr'><strong><em>τῆς</em></strong></span> <span class='ocrx_word' id='word_1_202' title='bbox 420 2560 529 2636; x_wconf 79' lang='grc' dir='ltr'><strong><em>νυκτὸς</em></strong></span> <span class='ocrx_word' id='word_1_203' title='bbox 550 2561 644 2645; x_wconf 74' lang='grc' dir='ltr'><strong><em>λέγων</em></strong></span> <span class='ocrx_word' id='word_1_204' title='bbox 673 2556 761 2645; x_wconf 83' lang='grc' dir='ltr'><strong><em>“ἐγά</em></strong></span> <span class='ocrx_word' id='word_1_205' title='bbox 787 2563 848 2644; x_wconf 88' lang='grc' dir='ltr'><strong><em>είμι</em></strong></span> <span class='ocrx_word' id='word_1_206' title='bbox 870 2558 886 2627; x_wconf 83' lang='grc' dir='ltr'><strong>ὅ</strong></span> <span class='ocrx_word' id='word_1_207' title='bbox 908 2562 982 2637; x_wconf 82' lang='grc' dir='ltr'><strong><em>θεὸς</em></strong></span> <span class='ocrx_word' id='word_1_208' title='bbox 1002 2567 1058 2625; x_wconf 83' lang='grc' dir='ltr'><strong><em>τοῦ</em></strong></span> <span class='ocrx_word' id='word_1_209' title='bbox 1080 2557 1196 2644; x_wconf 78' lang='grc' dir='ltr'><strong><em>πατρός</em></strong></span> <span class='ocrx_word' id='word_1_210' title='bbox 1221 2584 1278 2625; x_wconf 90' lang='grc' dir='ltr'><strong><em>σου</em></strong></span> 
     </span>
     <span class='ocr_line' id='line_1_23' title="bbox 179 2657 1279 2749; baseline -0.002 -23"><span class='ocrx_word' id='word_1_211' title='bbox 179 2657 339 2747; x_wconf 79' lang='grc' dir='ltr'><strong><em>Ἀβραάμ,</em></strong></span> <span class='ocrx_word' id='word_1_212' title='bbox 371 2664 422 2725; x_wconf 81' lang='grc' dir='ltr'><strong><em>καὶ</em></strong></span> <span class='ocrx_word' id='word_1_213' title='bbox 442 2661 502 2747; x_wconf 77' lang='grc' dir='ltr'><strong><em>ἐγώ</em></strong></span> <span class='ocrx_word' id='word_1_214' title='bbox 521 2665 580 2745; x_wconf 89' lang='grc' dir='ltr'><strong><em>ιίμι</em></strong></span> <span class='ocrx_word' id='word_1_215' title='bbox 601 2659 679 2745; x_wconf 89' lang='grc' dir='ltr'><strong><em>μετά</em></strong></span> <span class='ocrx_word' id='word_1_216' title='bbox 700 2687 772 2743; x_wconf 90' lang='grc' dir='ltr'><strong><em>σου,</em></strong></span> <span class='ocrx_word' id='word_1_217' title='bbox 799 2666 850 2728; x_wconf 79' lang='grc' dir='ltr'><strong><em>καὶ</em></strong></span> <span class='ocrx_word' id='word_1_218' title='bbox 870 2661 1023 2749; x_wconf 72' lang='grc' dir='ltr'><strong><em>εὐλογήσω</em></strong></span> <span class='ocrx_word' id='word_1_219' title='bbox 1047 2688 1099 2739; x_wconf 87' lang='grc' dir='ltr'><strong><em>σε,</em></strong></span> <span class='ocrx_word' id='word_1_220' title='bbox 1125 2664 1176 2725; x_wconf 76' lang='grc' dir='ltr'><strong><em>καὶ</em></strong></span> <span class='ocrx_word' id='word_1_221' title='bbox 1200 2667 1279 2744; x_wconf 83' lang='grc' dir='ltr'><strong><em>πλη-</em></strong></span> 
     </span>
     <span class='ocr_line' id='line_1_24' title="bbox 183 2762 1279 2857; baseline 0.004 -29"><span class='ocrx_word' id='word_1_222' title='bbox 183 2768 272 2829; x_wconf 83' lang='grc' dir='ltr'><strong><em>θυνῶ</em></strong></span> <span class='ocrx_word' id='word_1_223' title='bbox 286 2762 321 2829; x_wconf 82' lang='grc' dir='ltr'><strong><em>τὸ</em></strong></span> <span class='ocrx_word' id='word_1_224' title='bbox 336 2765 457 2851; x_wconf 88' lang='grc' dir='ltr'><strong><em>σπέρμα</em></strong></span> <span class='ocrx_word' id='word_1_225' title='bbox 472 2790 528 2831; x_wconf 93' lang='grc' dir='ltr'><strong><em>σου</em></strong></span> <span class='ocrx_word' id='word_1_226' title='bbox 543 2763 585 2845; x_wconf 78' lang='grc' dir='ltr'><strong><em>ὥς</em></strong></span> <span class='ocrx_word' id='word_1_227' title='bbox 598 2766 637 2832; x_wconf 80' lang='grc' dir='ltr'><strong><em>τὰ</em></strong></span> <span class='ocrx_word' id='word_1_228' title='bbox 652 2764 821 2857; x_wconf 70' lang='lat' dir='ltr'>simperti</span> <span class='ocrx_word' id='word_1_229' title='bbox 836 2768 987 2855; x_wconf 73' lang='lat' dir='ltr'>ariperti,</span> <span class='ocrx_word' id='word_1_230' title='bbox 1013 2765 1056 2830; x_wconf 76' lang='grc' dir='ltr'><strong><em>δι’</em></strong></span> <span class='ocrx_word' id='word_1_231' title='bbox 1070 2764 1210 2853; x_wconf 77' lang='grc' dir='ltr'><strong><em>Ἀβραάμ</em></strong></span> <span class='ocrx_word' id='word_1_232' title='bbox 1225 2764 1279 2832; x_wconf 81' lang='grc' dir='ltr'><strong><em>τὸν</em></strong></span> 
     </span>
    </p>
   </div>
   <div class='ocr_carea' id='block_1_3' title="bbox 182 2956 1279 3079">
    <p class='ocr_par' dir='ltr' id='par_1_8' title="bbox 182 2956 1279 3079">
     <span class='ocr_line' id='line_1_25' title="bbox 182 2956 1279 3079; baseline 0.005 -69"><span class='ocrx_word' id='word_1_233' title='bbox 182 2956 339 3079; x_wconf 79' lang='lat' dir='ltr'>appellatur.</span> <span class='ocrx_word' id='word_1_234' title='bbox 389 2959 427 3014; x_wconf 83' lang='lat' dir='ltr'>ita</span> <span class='ocrx_word' id='word_1_235' title='bbox 452 2968 507 3016; x_wconf 85' lang='lat' dir='ltr'>tam</span> <span class='ocrx_word' id='word_1_236' title='bbox 532 2961 570 3018; x_wconf 90' lang='lat' dir='ltr'><strong><em>ibi</em></strong></span> <span class='ocrx_word' id='word_1_237' title='bbox 594 2980 660 3033; x_wconf 86' lang='lat' dir='ltr'>paee</span> <span class='ocrx_word' id='word_1_238' title='bbox 682 2962 783 3018; x_wconf 80' lang='lat' dir='ltr'>sancita</span> <span class='ocrx_word' id='word_1_239' title='bbox 807 2963 988 3019; x_wconf 80' lang='lat' dir='ltr'>Abimsleabus</span> <span class='ocrx_word' id='word_1_240' title='bbox 1010 2980 1068 3019; x_wconf 82' lang='lat' dir='ltr'>cura</span> <span class='ocrx_word' id='word_1_241' title='bbox 1095 2960 1151 3017; x_wconf 82' lang='lat' dir='ltr'>suis</span> <span class='ocrx_word' id='word_1_242' title='bbox 1176 2960 1279 3017; x_wconf 76' lang='lat' dir='ltr'>tomum</span> 
     </span>
    </p>
   </div>
   <div class='ocr_carea' id='block_1_4' title="bbox 178 3028 1281 4417">
    <p class='ocr_par' dir='ltr' id='par_1_9' title="bbox 181 3028 1279 3359">
     <span class='ocr_line' id='line_1_26' title="bbox 182 3028 1279 3105; baseline 0.005 -26"><span class='ocrx_word' id='word_1_243' title='bbox 182 3045 211 3079; x_wconf 87' lang='lat' dir='ltr'>re</span> <span class='ocrx_word' id='word_1_244' title='bbox 231 3028 272 3082; x_wconf 89' lang='lat' dir='ltr'>iit.</span> <span class='ocrx_word' id='word_1_245' title='bbox 308 3029 469 3084; x_wconf 81' lang='lat' dir='ltr'>Abrabamus</span> <span class='ocrx_word' id='word_1_246' title='bbox 493 3050 558 3086; x_wconf 81' lang='lat' dir='ltr'>vero</span> <span class='ocrx_word' id='word_1_247' title='bbox 580 3039 651 3087; x_wconf 89' lang='lat' dir='ltr'>terra</span> <span class='ocrx_word' id='word_1_248' title='bbox 673 3051 719 3087; x_wconf 88' lang='lat' dir='ltr'>sea</span> <span class='ocrx_word' id='word_1_249' title='bbox 742 3042 819 3105; x_wconf 86' lang='lat' dir='ltr'>prato</span> <span class='ocrx_word' id='word_1_250' title='bbox 843 3034 912 3105; x_wconf 85' lang='lat' dir='ltr'>qaod</span> <span class='ocrx_word' id='word_1_251' title='bbox 935 3034 969 3087; x_wconf 86' lang='lat' dir='ltr'><strong><em>ad</em></strong></span> <span class='ocrx_word' id='word_1_252' title='bbox 991 3033 1152 3103; x_wconf 83' lang='lat' dir='ltr'>praedictum</span> <span class='ocrx_word' id='word_1_253' title='bbox 1169 3042 1211 3085; x_wconf 88' lang='lat' dir='ltr'><strong><em>est</em></strong></span> <span class='ocrx_word' id='word_1_254' title='bbox 1226 3049 1279 3102; x_wconf 87' lang='lat' dir='ltr'><strong><em>pa-</em></strong></span> 
     </span>
     <span class='ocr_line' id='line_1_27' title="bbox 182 3096 1278 3168; baseline 0.005 -19"><span class='ocrx_word' id='word_1_255' title='bbox 182 3104 266 3165; x_wconf 76' lang='lat' dir='ltr'>team,</span> <span class='ocrx_word' id='word_1_256' title='bbox 291 3096 386 3168; x_wconf 86' lang='lat' dir='ltr'>plantis</span> <span class='ocrx_word' id='word_1_257' title='bbox 409 3102 510 3155; x_wconf 76' lang='lat' dir='ltr'>sentito</span> <span class='ocrx_word' id='word_1_258' title='bbox 533 3118 627 3155; x_wconf 84' lang='lat' dir='ltr'>nomen</span> <span class='ocrx_word' id='word_1_259' title='bbox 644 3103 740 3157; x_wconf 84' lang='lat' dir='ltr'>domini</span> <span class='ocrx_word' id='word_1_260' title='bbox 758 3104 803 3158; x_wconf 90' lang='lat' dir='ltr'>dei</span> <span class='ocrx_word' id='word_1_261' title='bbox 820 3103 921 3157; x_wconf 84' lang='lat' dir='ltr'>aeterni</span> <span class='ocrx_word' id='word_1_262' title='bbox 936 3103 1081 3157; x_wconf 76' lang='lat' dir='ltr'>invocavit.</span> <span class='ocrx_word' id='word_1_263' title='bbox 1116 3118 1174 3155; x_wconf 81' lang='lat' dir='ltr'>eum</span> <span class='ocrx_word' id='word_1_264' title='bbox 1191 3112 1278 3154; x_wconf 84' lang='lat' dir='ltr'>autera</span> 
     </span>
     <span class='ocr_line' id='line_1_28' title="bbox 183 3166 1277 3240; baseline 0.003 -22"><span class='ocrx_word' id='word_1_265' title='bbox 183 3166 319 3220; x_wconf 83' lang='lat' dir='ltr'>admodum</span> <span class='ocrx_word' id='word_1_266' title='bbox 335 3186 416 3221; x_wconf 82' lang='lat' dir='ltr'>senex</span> <span class='ocrx_word' id='word_1_267' title='bbox 432 3170 517 3224; x_wconf 82' lang='lat' dir='ltr'>laetus</span> <span class='ocrx_word' id='word_1_268' title='bbox 534 3188 617 3225; x_wconf 85' lang='lat' dir='ltr'>annos</span> <span class='ocrx_word' id='word_1_269' title='bbox 637 3174 686 3227; x_wconf 83' lang='lat'><strong><em>176</em></strong></span> <span class='ocrx_word' id='word_1_270' title='bbox 701 3173 828 3240; x_wconf 81' lang='lat' dir='ltr'>vixisset,</span> <span class='ocrx_word' id='word_1_271' title='bbox 852 3174 885 3227; x_wconf 82' lang='lat' dir='ltr'><strong><em>ad</em></strong></span> <span class='ocrx_word' id='word_1_272' title='bbox 907 3174 983 3226; x_wconf 85' lang='lat' dir='ltr'>deam</span> <span class='ocrx_word' id='word_1_273' title='bbox 1006 3190 1040 3225; x_wconf 85' lang='lat' dir='ltr'>ea</span> <span class='ocrx_word' id='word_1_274' title='bbox 1062 3172 1112 3223; x_wconf 83' lang='lat' dir='ltr'>hae</span> <span class='ocrx_word' id='word_1_275' title='bbox 1133 3171 1189 3223; x_wconf 83' lang='lat' dir='ltr'>rita</span> <span class='ocrx_word' id='word_1_276' title='bbox 1212 3187 1277 3221; x_wconf 85' lang='lat' dir='ltr'>cea-</span> 
     </span>
     <span class='ocr_line' id='line_1_29' title="bbox 182 3236 1278 3355; baseline 0.004 -68"><span class='ocrx_word' id='word_1_277' title='bbox 182 3236 272 3355; x_wconf 67' lang='lat' dir='ltr'>aessilt.</span> <span class='ocrx_word' id='word_1_278' title='bbox 307 3253 365 3291; x_wconf 80' lang='lat' dir='ltr'><strong><em>sum</em></strong></span> <span class='ocrx_word' id='word_1_279' title='bbox 387 3238 492 3294; x_wconf 81' lang='lat' dir='ltr'>isaacus</span> <span class='ocrx_word' id='word_1_280' title='bbox 514 3248 543 3294; x_wconf 90' lang='lat' dir='ltr'><strong><em>et</em></strong></span> <span class='ocrx_word' id='word_1_281' title='bbox 562 3240 688 3297; x_wconf 84' lang='lat' dir='ltr'>ismaelus</span> <span class='ocrx_word' id='word_1_282' title='bbox 711 3242 761 3295; x_wconf 87' lang='lat' dir='ltr'>tilii</span> <span class='ocrx_word' id='word_1_283' title='bbox 779 3243 808 3295; x_wconf 85' lang='lat' dir='ltr'><strong><em>ia</em></strong></span> <span class='ocrx_word' id='word_1_284' title='bbox 825 3242 924 3313; x_wconf 81' lang='lat' dir='ltr'><strong>duplici</strong></span> <span class='ocrx_word' id='word_1_285' title='bbox 946 3240 1070 3309; x_wconf 84' lang='lat' dir='ltr'>spelunea</span> <span class='ocrx_word' id='word_1_286' title='bbox 1093 3240 1170 3291; x_wconf 79' lang='lat' dir='ltr'>iuxta</span> <span class='ocrx_word' id='word_1_287' title='bbox 1185 3238 1278 3291; x_wconf 85' lang='lat' dir='ltr'>Seram</span> 
     </span>
     <span class='ocr_line' id='line_1_30' title="bbox 181 3314 369 3359; baseline 0.011 -2"><span class='ocrx_word' id='word_1_288' title='bbox 181 3320 211 3357; x_wconf 86' lang='lat' dir='ltr'>se</span> <span class='ocrx_word' id='word_1_289' title='bbox 231 3314 369 3359; x_wconf 75' lang='lat' dir='ltr'>arverunt.</span> 
     </span>
    </p>

    <p class='ocr_par' dir='ltr' id='par_1_10' title="bbox 178 3322 1281 4417">
     <span class='ocr_line' id='line_1_31' title="bbox 211 3322 1279 3445; baseline 0 -19"><span class='ocrx_word' id='word_1_290' title='bbox 211 3322 230 3374; x_wconf 66' lang='lat' dir='ltr'><strong>p</strong></span> <span class='ocrx_word' id='word_1_291' title='bbox 248 3374 396 3429; x_wconf 84' lang='lat' dir='ltr'>Secundum</span> <span class='ocrx_word' id='word_1_292' title='bbox 412 3376 491 3445; x_wconf 84' lang='lat' dir='ltr'>base,</span> <span class='ocrx_word' id='word_1_293' title='bbox 515 3394 573 3431; x_wconf 82' lang='lat' dir='ltr'>eum</span> <span class='ocrx_word' id='word_1_294' title='bbox 590 3377 641 3431; x_wconf 87' lang='lat' dir='ltr'><strong><em>iam</em></strong></span> <span class='ocrx_word' id='word_1_295' title='bbox 658 3378 761 3432; x_wconf 79' lang='lat' dir='ltr'>virilem</span> <span class='ocrx_word' id='word_1_296' title='bbox 779 3383 892 3431; x_wconf 84' lang='lat' dir='ltr'>aetatem</span> <span class='ocrx_word' id='word_1_297' title='bbox 909 3375 1017 3429; x_wconf 83' lang='lat' dir='ltr'>isaacus</span> <span class='ocrx_word' id='word_1_298' title='bbox 1032 3371 1178 3441; x_wconf 77' lang='lat' dir='ltr'>attigisset,</span> <span class='ocrx_word' id='word_1_299' title='bbox 1196 3373 1279 3427; x_wconf 82' lang='lat' dir='ltr'>fames</span> 
     </span>
     <span class='ocr_line' id='line_1_32' title="bbox 181 3440 1279 3515; baseline 0.002 -20"><span class='ocrx_word' id='word_1_300' title='bbox 181 3440 216 3495; x_wconf 85' lang='lat' dir='ltr'><strong><em>iis</em></strong></span> <span class='ocrx_word' id='word_1_301' title='bbox 238 3442 267 3497; x_wconf 84' lang='lat' dir='ltr'><strong><em>in</em></strong></span> <span class='ocrx_word' id='word_1_302' title='bbox 290 3442 355 3497; x_wconf 81' lang='lat' dir='ltr'>letis</span> <span class='ocrx_word' id='word_1_303' title='bbox 381 3446 492 3499; x_wconf 85' lang='lat' dir='ltr'>exstitit.</span> <span class='ocrx_word' id='word_1_304' title='bbox 528 3454 607 3515; x_wconf 87' lang='lat' dir='ltr'>atque</span> <span class='ocrx_word' id='word_1_305' title='bbox 625 3448 648 3499; x_wconf 93' lang='lat' dir='ltr'><strong><em>is</em></strong></span> <span class='ocrx_word' id='word_1_306' title='bbox 666 3464 682 3499; x_wconf 90' lang='lat' dir='ltr'>a</span> <span class='ocrx_word' id='word_1_307' title='bbox 699 3447 748 3499; x_wconf 86' lang='lat' dir='ltr'><strong><em>dee</em></strong></span> <span class='ocrx_word' id='word_1_308' title='bbox 765 3446 794 3498; x_wconf 88' lang='lat' dir='ltr'><strong><em>in</em></strong></span> <span class='ocrx_word' id='word_1_309' title='bbox 811 3448 961 3514; x_wconf 80' lang='lat' dir='ltr'>Aegyptam</span> <span class='ocrx_word' id='word_1_310' title='bbox 984 3442 1024 3495; x_wconf 85' lang='lat' dir='ltr'>ire</span> <span class='ocrx_word' id='word_1_311' title='bbox 1048 3440 1197 3512; x_wconf 86' lang='lat' dir='ltr'>prohibitus</span> <span class='ocrx_word' id='word_1_312' title='bbox 1221 3458 1279 3497; x_wconf 83' lang='grc' dir='ltr'><strong><em>αααι</em></strong></span> 
     </span>
     <span class='ocr_line' id='line_1_33' title="bbox 181 3510 1278 3581; baseline 0 -16"><span class='ocrx_word' id='word_1_313' title='bbox 181 3518 239 3565; x_wconf 80' lang='lat' dir='ltr'>tota</span> <span class='ocrx_word' id='word_1_314' title='bbox 263 3511 363 3567; x_wconf 80' lang='lat' dir='ltr'>familia</span> <span class='ocrx_word' id='word_1_315' title='bbox 386 3516 490 3567; x_wconf 68' lang='lat' dir='ltr'>Geraia</span> <span class='ocrx_word' id='word_1_316' title='bbox 514 3514 546 3567; x_wconf 87' lang='lat' dir='ltr'><strong><em>ad</em></strong></span> <span class='ocrx_word' id='word_1_317' title='bbox 565 3513 758 3569; x_wconf 79' lang='lat' dir='ltr'>Abimslscbura</span> <span class='ocrx_word' id='word_1_318' title='bbox 775 3513 975 3567; x_wconf 84' lang='lat' dir='ltr'>Pbilistaeorum</span> <span class='ocrx_word' id='word_1_319' title='bbox 998 3528 1088 3581; x_wconf 78' lang='lat' dir='ltr'>regem</span> <span class='ocrx_word' id='word_1_320' title='bbox 1109 3529 1139 3564; x_wconf 88' lang='lat' dir='ltr'>se</span> <span class='ocrx_word' id='word_1_321' title='bbox 1159 3510 1278 3565; x_wconf 82' lang='lat' dir='ltr'>contulit.</span> 
     </span>
     <span class='ocr_line' id='line_1_34' title="bbox 181 3580 1279 3653; baseline 0.001 -20"><span class='ocrx_word' id='word_1_322' title='bbox 181 3580 328 3635; x_wconf 73' lang='lat' dir='ltr'>Rebeccam</span> <span class='ocrx_word' id='word_1_323' title='bbox 344 3590 398 3635; x_wconf 86' lang='lat' dir='ltr'>tara</span> <span class='ocrx_word' id='word_1_324' title='bbox 416 3600 523 3637; x_wconf 82' lang='lat' dir='ltr'>uxorem</span> <span class='ocrx_word' id='word_1_325' title='bbox 536 3600 624 3651; x_wconf 86' lang='lat' dir='ltr'>suam,</span> <span class='ocrx_word' id='word_1_326' title='bbox 645 3584 715 3653; x_wconf 85' lang='lat' dir='ltr'>qaod</span> <span class='ocrx_word' id='word_1_327' title='bbox 729 3592 788 3637; x_wconf 83' lang='lat' dir='ltr'>erat</span> <span class='ocrx_word' id='word_1_328' title='bbox 800 3582 898 3651; x_wconf 78' lang='lat' dir='ltr'>insigni</span> <span class='ocrx_word' id='word_1_329' title='bbox 912 3582 1121 3652; x_wconf 78' lang='lat' dir='ltr'>pulchritudine,</span> <span class='ocrx_word' id='word_1_330' title='bbox 1137 3580 1279 3634; x_wconf 76' lang='lat' dir='ltr'>Abrabami</span> 
     </span>
     <span class='ocr_line' id='line_1_35' title="bbox 180 3648 1279 3720; baseline 0.003 -18"><span class='ocrx_word' id='word_1_331' title='bbox 180 3648 214 3703; x_wconf 88' lang='lat' dir='ltr'>de</span> <span class='ocrx_word' id='word_1_332' title='bbox 231 3650 300 3705; x_wconf 84' lang='lat' dir='ltr'>Sara</span> <span class='ocrx_word' id='word_1_333' title='bbox 317 3651 506 3705; x_wconf 71' lang='lat' dir='ltr'><strong>simulationem</strong></span> <span class='ocrx_word' id='word_1_334' title='bbox 523 3652 655 3720; x_wconf 87' lang='lat' dir='ltr'>imitatas,</span> <span class='ocrx_word' id='word_1_335' title='bbox 679 3668 794 3707; x_wconf 81' lang='lat' dir='ltr'>sororem</span> <span class='ocrx_word' id='word_1_336' title='bbox 821 3670 880 3706; x_wconf 86' lang='lat' dir='ltr'>esse</span> <span class='ocrx_word' id='word_1_337' title='bbox 899 3668 972 3705; x_wconf 83' lang='lat' dir='ltr'>saara</span> <span class='ocrx_word' id='word_1_338' title='bbox 991 3651 1068 3705; x_wconf 80' lang='lat' dir='ltr'>dixit.</span> <span class='ocrx_word' id='word_1_339' title='bbox 1104 3651 1153 3704; x_wconf 82' lang='lat' dir='ltr'>sed</span> <span class='ocrx_word' id='word_1_340' title='bbox 1171 3649 1279 3705; x_wconf 79' lang='lat' dir='ltr'>Abiera-</span> 
     </span>
     <span class='ocr_line' id='line_1_36' title="bbox 179 3716 1278 3789; baseline 0.005 -20"><span class='ocrx_word' id='word_1_341' title='bbox 179 3716 269 3773; x_wconf 86' lang='lat' dir='ltr'>lscbas</span> <span class='ocrx_word' id='word_1_342' title='bbox 295 3737 353 3773; x_wconf 86' lang='lat' dir='ltr'>cusa</span> <span class='ocrx_word' id='word_1_343' title='bbox 379 3739 413 3774; x_wconf 82' lang='lat' dir='ltr'>ex</span> <span class='ocrx_word' id='word_1_344' title='bbox 433 3720 492 3775; x_wconf 86' lang='lat' dir='ltr'>lusu</span> <span class='ocrx_word' id='word_1_345' title='bbox 517 3721 689 3777; x_wconf 68' lang='lat' dir='ltr'>intellexisset</span> <span class='ocrx_word' id='word_1_346' title='bbox 711 3738 767 3777; x_wconf 80' lang='lat' dir='ltr'>eam</span> <span class='ocrx_word' id='word_1_347' title='bbox 791 3738 897 3776; x_wconf 81' lang='lat' dir='ltr'>uxorem</span> <span class='ocrx_word' id='word_1_348' title='bbox 924 3739 998 3789; x_wconf 85' lang='lat' dir='ltr'>esse,</span> <span class='ocrx_word' id='word_1_349' title='bbox 1024 3722 1115 3774; x_wconf 86' lang='lat' dir='ltr'>isaaco</span> <span class='ocrx_word' id='word_1_350' title='bbox 1140 3719 1278 3789; x_wconf 70' lang='lat' dir='ltr'>obiurgata</span> 
     </span>
     <span class='ocr_line' id='line_1_37' title="bbox 180 3789 1279 3861; baseline 0.003 -20"><span class='ocrx_word' id='word_1_351' title='bbox 180 3790 250 3856; x_wconf 82' lang='lat' dir='ltr'>qued</span> <span class='ocrx_word' id='word_1_352' title='bbox 266 3805 357 3843; x_wconf 82' lang='lat' dir='ltr'>verum</span> <span class='ocrx_word' id='word_1_353' title='bbox 374 3790 579 3857; x_wconf 70' lang='lat' dir='ltr'>dissimulasset,</span> <span class='ocrx_word' id='word_1_354' title='bbox 598 3792 685 3861; x_wconf 82' lang='lat' dir='ltr'>capite</span> <span class='ocrx_word' id='word_1_355' title='bbox 700 3793 787 3846; x_wconf 87' lang='lat' dir='ltr'>sanxit</span> <span class='ocrx_word' id='word_1_356' title='bbox 803 3810 838 3845; x_wconf 88' lang='lat' dir='ltr'><strong><em>ns</em></strong></span> <span class='ocrx_word' id='word_1_357' title='bbox 854 3790 913 3861; x_wconf 85' lang='lat' dir='ltr'>quis</span> <span class='ocrx_word' id='word_1_358' title='bbox 929 3791 1047 3845; x_wconf 80' lang='lat' dir='ltr'>isaacum</span> <span class='ocrx_word' id='word_1_359' title='bbox 1064 3789 1155 3843; x_wconf 83' lang='lat' dir='ltr'>eiusra</span> <span class='ocrx_word' id='word_1_360' title='bbox 1172 3806 1279 3844; x_wconf 78' lang='lat' dir='ltr'>uxerem</span> 
     </span>
     <span class='ocr_line' id='line_1_38' title="bbox 179 3858 1278 3934; baseline 0.002 -23"><span class='ocrx_word' id='word_1_361' title='bbox 179 3864 310 3927; x_wconf 76' lang='lat' dir='ltr'>tangeret.</span> <span class='ocrx_word' id='word_1_362' title='bbox 345 3860 410 3913; x_wconf 82' lang='lat' dir='ltr'>deus</span> <span class='ocrx_word' id='word_1_363' title='bbox 431 3870 517 3914; x_wconf 85' lang='lat' dir='ltr'>satem</span> <span class='ocrx_word' id='word_1_364' title='bbox 538 3861 654 3915; x_wconf 82' lang='lat' dir='ltr'>isaacum</span> <span class='ocrx_word' id='word_1_365' title='bbox 676 3860 853 3934; x_wconf 75' lang='lat' dir='ltr'>prosperitate</span> <span class='ocrx_word' id='word_1_366' title='bbox 874 3879 907 3932; x_wconf 84' lang='lat' dir='ltr'>pe</span> <span class='ocrx_word' id='word_1_367' title='bbox 942 3871 1003 3914; x_wconf 82' lang='lat' dir='ltr'>etus</span> <span class='ocrx_word' id='word_1_368' title='bbox 1023 3859 1129 3925; x_wconf 82' lang='lat' dir='ltr'>beavit,</span> <span class='ocrx_word' id='word_1_369' title='bbox 1156 3858 1222 3912; x_wconf 83' lang='lat' dir='ltr'>adeo</span> <span class='ocrx_word' id='word_1_370' title='bbox 1248 3866 1278 3913; x_wconf 85' lang='lat' dir='ltr'>at</span> 
     </span>
     <span class='ocr_line' id='line_1_39' title="bbox 178 3924 1278 3999; baseline 0.004 -22"><span class='ocrx_word' id='word_1_371' title='bbox 178 3924 316 3981; x_wconf 80' lang='lat' dir='ltr'>Philistasi</span> <span class='ocrx_word' id='word_1_372' title='bbox 334 3928 484 3983; x_wconf 72' lang='lat' dir='ltr'>inridentes</span> <span class='ocrx_word' id='word_1_373' title='bbox 500 3929 554 3999; x_wconf 89' lang='lat' dir='ltr'>ipsi</span> <span class='ocrx_word' id='word_1_374' title='bbox 571 3946 659 3985; x_wconf 82' lang='lat' dir='ltr'>omnes</span> <span class='ocrx_word' id='word_1_375' title='bbox 676 3933 710 3985; x_wconf 90' lang='lat' dir='ltr'><strong><em>ab</em></strong></span> <span class='ocrx_word' id='word_1_376' title='bbox 727 3932 906 3985; x_wconf 81' lang='lat' dir='ltr'>Abrabamee</span> <span class='ocrx_word' id='word_1_377' title='bbox 927 3946 1002 3983; x_wconf 85' lang='lat' dir='ltr'>esses</span> <span class='ocrx_word' id='word_1_378' title='bbox 1021 3935 1115 3997; x_wconf 85' lang='lat' dir='ltr'>puteos</span> <span class='ocrx_word' id='word_1_379' title='bbox 1137 3930 1278 3981; x_wconf 85' lang='lat' dir='ltr'>obturave-</span> 
     </span>
     <span class='ocr_line' id='line_1_40' title="bbox 180 3994 1280 4085; baseline 0.003 -36"><span class='ocrx_word' id='word_1_380' title='bbox 180 3994 244 4049; x_wconf 86' lang='lat' dir='ltr'>rint.</span> <span class='ocrx_word' id='word_1_381' title='bbox 281 4008 342 4081; x_wconf 59' lang='lat' dir='ltr'>pest</span> <span class='ocrx_word' id='word_1_382' title='bbox 366 3998 432 4051; x_wconf 87' lang='lat' dir='ltr'>baec</span> <span class='ocrx_word' id='word_1_383' title='bbox 453 3998 560 4083; x_wconf 74' lang='lat' dir='ltr'>isaacus</span> <span class='ocrx_word' id='word_1_384' title='bbox 581 4000 609 4083; x_wconf 75' lang='lat' dir='ltr'><strong><em>in</em></strong></span> <span class='ocrx_word' id='word_1_385' title='bbox 631 4000 723 4056; x_wconf 81' lang='lat' dir='ltr'>vallem</span> <span class='ocrx_word' id='word_1_386' title='bbox 743 4002 919 4085; x_wconf 54' lang='lat' dir='ltr'>§eratspsera</span> <span class='ocrx_word' id='word_1_387' title='bbox 936 3999 1069 4068; x_wconf 75' lang='lat' dir='ltr'>digressus</span> <span class='ocrx_word' id='word_1_388' title='bbox 1083 3996 1169 4081; x_wconf 72' lang='lat' dir='ltr'>patrip</span> <span class='ocrx_word' id='word_1_389' title='bbox 1185 4006 1280 4081; x_wconf 71' lang='lat' dir='ltr'>puteos</span> 
     </span>
     <span class='ocr_line' id='line_1_41' title="bbox 179 4070 1280 4214; baseline 0 -27"><span class='ocrx_word' id='word_1_390' title='bbox 179 4070 1028 4214; x_wconf 56' lang='lat' dir='ltr'>iilttlittiit:Pittlt‘tpitsrltttzt’titii</span> <span class='ocrx_word' id='word_1_391' title='bbox 1045 4082 1280 4206; x_wconf 58' lang='lat' dir='ltr'>limitat</span> 
     </span>
     <span class='ocr_line' id='line_1_42' title="bbox 179 4204 1280 4277; baseline 0.005 -25"><span class='ocrx_word' id='word_1_392' title='bbox 179 4204 321 4256; x_wconf 81' lang='lat' dir='ltr'>iuramenti</span> <span class='ocrx_word' id='word_1_393' title='bbox 345 4206 496 4273; x_wconf 84' lang='lat' dir='ltr'>adscendit;</span> <span class='ocrx_word' id='word_1_394' title='bbox 520 4214 651 4276; x_wconf 77' lang='lat' dir='ltr'>noctuque</span> <span class='ocrx_word' id='word_1_395' title='bbox 668 4208 694 4261; x_wconf 91' lang='lat' dir='ltr'>ei</span> <span class='ocrx_word' id='word_1_396' title='bbox 711 4210 830 4263; x_wconf 85' lang='lat' dir='ltr'>dominus</span> <span class='ocrx_word' id='word_1_397' title='bbox 854 4206 993 4277; x_wconf 84' lang='lat' dir='ltr'>apparuit,</span> <span class='ocrx_word' id='word_1_398' title='bbox 1018 4206 1108 4273; x_wconf 88' lang='lat' dir='ltr'>itaque</span> <span class='ocrx_word' id='word_1_399' title='bbox 1125 4213 1167 4257; x_wconf 83' lang='lat' dir='ltr'><strong><em>est</em></strong></span> <span class='ocrx_word' id='word_1_400' title='bbox 1183 4204 1280 4258; x_wconf 79' lang='lat' dir='ltr'>effatus</span> 
     </span>
     <span class='ocr_line' id='line_1_43' title="bbox 179 4270 1281 4351; baseline -0.001 -27"><span class='ocrx_word' id='word_1_401' title='bbox 179 4272 301 4337; x_wconf 68' lang='lat' dir='ltr'>(Gestae.</span> <span class='ocrx_word' id='word_1_402' title='bbox 317 4276 368 4341; x_wconf 76' lang='lat'><strong><em>26)</em></strong></span> <span class='ocrx_word' id='word_1_403' title='bbox 391 4270 459 4344; x_wconf 80' lang='lat' dir='ltr'>“ego</span> <span class='ocrx_word' id='word_1_404' title='bbox 484 4294 540 4329; x_wconf 84' lang='lat' dir='ltr'><strong><em>sum</em></strong></span> <span class='ocrx_word' id='word_1_405' title='bbox 562 4277 627 4330; x_wconf 85' lang='lat' dir='ltr'>deus</span> <span class='ocrx_word' id='word_1_406' title='bbox 650 4278 792 4331; x_wconf 76' lang='lat' dir='ltr'>Abrahami</span> <span class='ocrx_word' id='word_1_407' title='bbox 818 4276 902 4351; x_wconf 83' lang='lat' dir='ltr'>patris</span> <span class='ocrx_word' id='word_1_408' title='bbox 920 4274 974 4327; x_wconf 78' lang='lat' dir='ltr'>tui:</span> <span class='ocrx_word' id='word_1_409' title='bbox 992 4274 1041 4329; x_wconf 90' lang='lat' dir='ltr'>tibi</span> <span class='ocrx_word' id='word_1_410' title='bbox 1059 4292 1108 4342; x_wconf 79' lang='lat' dir='ltr'>ego</span> <span class='ocrx_word' id='word_1_411' title='bbox 1126 4274 1234 4337; x_wconf 80' lang='lat' dir='ltr'>adsunt,</span> <span class='ocrx_word' id='word_1_412' title='bbox 1252 4281 1281 4323; x_wconf 94' lang='lat' dir='ltr'><strong><em>te</em></strong></span> 
     </span>
     <span class='ocr_line' id='line_1_44' title="bbox 180 4338 1280 4417; baseline 0.001 -23"><span class='ocrx_word' id='word_1_413' title='bbox 180 4338 281 4413; x_wconf 84' lang='lat' dir='ltr'>beabo,</span> <span class='ocrx_word' id='word_1_414' title='bbox 305 4348 428 4413; x_wconf 70' lang='lat' dir='ltr'>triamque</span> <span class='ocrx_word' id='word_1_415' title='bbox 446 4344 598 4417; x_wconf 71' lang='lat' dir='ltr'>progeniem</span> <span class='ocrx_word' id='word_1_416' title='bbox 616 4346 648 4400; x_wconf 82' lang='lat' dir='ltr'><strong><em>sd</em></strong></span> <span class='ocrx_word' id='word_1_417' title='bbox 668 4346 802 4401; x_wconf 83' lang='lat' dir='ltr'>stellatam</span> <span class='ocrx_word' id='word_1_418' title='bbox 823 4344 892 4404; x_wconf 81' lang='lat' dir='ltr'>eseli</span> <span class='ocrx_word' id='word_1_419' title='bbox 908 4362 1040 4400; x_wconf 81' lang='lat' dir='ltr'>numerum</span> <span class='ocrx_word' id='word_1_420' title='bbox 1061 4344 1198 4412; x_wconf 70' lang='lat' dir='ltr'>adaugebit</span> <span class='ocrx_word' id='word_1_421' title='bbox 1215 4358 1280 4413; x_wconf 79' lang='lat' dir='ltr'>pre-</span> 
     </span>
    </p>
   </div>
   <div class='ocr_carea' id='block_1_5' title="bbox 0 0 1572 4809">
    <p class='ocr_par' dir='ltr' id='par_1_11' title="bbox 0 0 1572 4809">
     <span class='ocr_line' id='line_1_45' title="bbox 0 0 1572 4809; baseline 0 1"><span class='ocrx_word' id='word_1_422' title='bbox 0 0 1572 4809; x_wconf 95' lang='lat' dir='ltr'><strong><em> </em></strong></span> 
     </span>
    </p>
   </div>
  </div>
 </body>
</html>
