3134 4809
239 299 287 375 14
590 293 768 365 GEORGII
792 292 976 361 GEDREM

236 469 390 563 γόμνωοιν
410 462 581 559 ἀδιάφορον
599 465 763 557 παρέσχεν,
789 460 909 555 έρρήθη
927 461 975 533 δτι
997 465 1218 553 διηνοέχθνγσον
1235 465 1337 534 οὔτῶν

238 578 268 643 oi
292 575 462 664 ὀφθαλμοί.
512 572 626 660 πέφυκε
642 570 702 659 γὰρ
721 566 738 636 ὃ
758 569 926 658 ὀφθαλμός
946 567 1028 648 ἅπας
1039 568 1100 637 bnt
1118 578 1175 638 rori
1191 576 1339 657 λογισμοῦ

239 681 440 767 διεγείρεσθαι
463 674 541 763 πρὸς
563 674 585 743 ιλ
604 675 725 759 βλέπει·
749 670 871 745 σόνεσιν
885 674 945 764 γὰρ
957 672 1038 741 καθ’
1052 672 1161 741 ἑαυτὸν
1176 674 1269 751 αὐτὸς
1282 673 1339 740 oria

238 782 310 868 ἔχει.
337 779 413 848 ὥστε
426 774 573 857 πολλάκις
582 778 659 866 πρὸς
670 778 759 866 έτερα
768 784 824 861 τῆς
836 778 973 857 διανοίας
983 775 1209 863 ἀσχολουμένης
1219 782 1340 865 copiosi

241 889 328 971 δίκην
350 881 570 972 παρερχόμεθα
593 882 684 947 ένέοτι
707 881 759 946 καὶ
778 878 833 945 τδν
851 877 930 947 πόνει
952 878 1121 970 γνώριμον,
1146 884 1198 948 troi
1216 880 1366 946 έπειδιλνὸ

241 990 440 1078 έγιιληθώμεν
445 1035 456 1069 ,
475 991 514 1072 τῇ
527 984 654 1074 ιλσχολέρ
666 990 722 1051 ret
735 988 882 1068 λογισμοῦ
895 983 932 1049 τδ
945 985 1043 1052 αἴτιον
1055 985 1248 1062 ἀνατιθέντες
1261 984 1341 1049 dao-

202 1104 227 1161 B
242 1089 428 1181 λογοόμεθα.
479 1084 577 1165 οὕτως
593 1079 647 1151 οὖν
664 1082 680 1151 δ
693 1084 794 1169 Ἀδὰμ
809 1087 861 1150 rol
877 1082 898 1170 ἥ
914 1084 985 1152 Εὕα
999 1095 1037 1174 τῇ
1053 1086 1197 1174 αἰσθήσει
1213 1092 1270 1153 τοῦ
1285 1093 1341 1152 νοῦ

241 1196 319 1284 πρὸς
333 1194 389 1277 τήν
404 1190 478 1277 &pn
493 1191 709 1279 διηγέρθησιιν.
759 1190 796 1255 τδ
810 1187 870 1277 γὰρ
890 1184 1047 1276 “έ’γνωσαν
1059 1189 1106 1257 ὅτι
1116 1194 1225 1278 γυμνοὶ
1237 1183 1341 1276 ήσον”

242 1295 438 1379 ἀποκάλυψιν
458 1297 597 1379 appeten
614 1294 669 1377 τὴν
688 1292 879 1379 έγγενομένην
895 1298 940 1385 τῷ
954 1298 1108 1381 λογισμῷ,
1133 1294 1190 1360 otis
1212 1292 1346 1377 ἀνέβλε-

243 1422 301 1488 epm
318 1400 502 1489 ὀφθαλμῶν.
551 1396 736 1481 λεχθήσεται
753 1397 788 1461 δέ
802 1394 937 1475 adraim,
963 1395 1010 1462 ὅτι
1026 1396 1087 1483 πρδ
1101 1401 1156 1480 τῆς
1173 1397 1343 1477 ἀπειθείας,
1350 1398 1386 1454 1⁰

245 1504 347 1589 ἐπειδὴ
368 1502 475 1591 καιρδν
500 1498 555 1567 onix
581 1498 641 1584 εἶχε
663 1500 702 1566 τὰ
722 1505 778 1585 τῆς
797 1499 1008 1579 παιδοποιέας,
1030 1500 1091 1565 οὐκ
1115 1500 1237 1566 ἐδέδοτο
1258 1500 1346 1589 παριλ

245 1614 322 1677 θεοῦ
340 1604 359 1692 ἦ
376 1602 585 1693 παρατήρησις
599 1609 654 1686 τῆς
667 1600 866 1688 γοηωώσειις,
891 1602 973 1669 ἄλλα
986 1604 1135 1670 διετέλουν
1148 1599 1192 1682 ὥς
1204 1601 1347 1691 dropace,

247 1717 392 1799 σαρκικῆς
408 1708 576 1784 διαθέσεως
588 1704 673 1771 oium
688 1705 795 1795 ναιρδν
808 1704 936 1790 ἔχοντες.
985 1706 1089 1792 ἐπειδή
1112 1707 1146 1771 δέ
1164 1703 1185 1791 ή
1205 1706 1347 1772 tarnem

247 1817 442 1895 ἓπισιιμβοῖσα
452 1808 487 1876 τδ
502 1808 617 1895 θνητὸν
629 1806 794 1896 ἐπηγάγετο
797 1856 810 1891 ,
834 1806 958 1889 ελιιότως
971 1809 1077 1877 λοιπδν
1089 1805 1217 1894 ἐνεδόθη
1228 1807 1347 1886 τούτοις

128 1926 136 1943 ’
248 1914 269 2001 ἦ
295 1916 372 2003 πρὸς
395 1910 546 1997 ἀλλήλους
570 1911 679 1992 αἰδώς·
705 1916 756 1979 καλ
772 1911 1164 2003 νενοήιιασινιλστεροντών
1181 1910 1346 1998 σχημάτων
1354 1912 1388 1969 1⁵

248 2018 305 2104 τήν
327 2013 480 2107 διαφοράν
486 2064 497 2098 ,
522 2022 796 2106 προθεωρηθεῖοαν
813 2024 857 2106 τῷ
871 2014 1031 2101 πλάσματι
1045 2017 1123 2107 πρὸς
1134 2016 1170 2084 cd
1184 2017 1349 2103 ιλναγιιαῖον

209 2128 234 2185 0
250 2130 306 2207 τῆς
328 2128 383 2189 τοῦ
406 2121 510 2207 γένους
529 2122 684 2205 διαδοχῆς.
736 2122 769 2187 ix
783 2119 908 2210 φόλλων
922 2122 1065 2206 δέσαιιής
1078 2118 1350 2207 έποέησσνὲαοτοῒς

250 2223 461 2315 περιζώματα,
487 2224 698 2304 αῖνιττομένων
721 2224 773 2291 διὰ
796 2230 853 2291 rori
875 2222 968 2302 ξόλοο
983 2226 1038 2292 τδν
1055 2223 1169 2315 τρόπον
1184 2232 1241 2310 τής
1256 2249 1351 2291 καιτο-

251 2330 397 2419 πριιγιάς·
424 2324 467 2404 ὡς
485 2327 544 2414 γὰρ
564 2324 640 2411 ἦδδς
656 2324 672 2392 ὃ
689 2327 807 2417 καρπὸς
818 2334 873 2413 τῆς
885 2336 997 2414 ονιιής,
1021 2329 1119 2417 τραχδ
1133 2330 1168 2394 δὲ
1178 2332 1230 2393 aet
1243 2324 1351 2415 πικρό-

250 2460 344 2501 τατον
359 2432 394 2497 τὸ
410 2429 525 2519 φύλλον
531 2478 543 2511 ,
568 2429 647 2495 οὕτω
665 2438 751 2497 πᾶσα
767 2428 903 2519 ἁμαρτία
916 2435 948 2497 έν
961 2433 1017 2514 μὲν
1028 2440 1067 2519 τῇ
1079 2429 1186 2519 πράξει
1199 2428 1392 2497 δειίινιιταιῖ0

249 2534 354 2622 ἡδεῖα,
379 2535 457 2619 μετὰ
470 2535 503 2599 δέ
517 2540 615 2600 ταῦτα
628 2532 739 2619 όδόνην
752 2536 875 2623 παρέχει
889 2542 933 2623 τῷ
946 2533 1122 2623 πεπραχότι.
1160 2537 1227 2622 περὶ
1243 2537 1277 2600 δέ
1289 2540 1352 2599 τῶν

252 2642 439 2725 δερματένων
454 2635 592 2721 χιτώνων
610 2640 703 2727 φησὶν
719 2634 735 2703 ὅ
754 2635 902 2725 θεολόγος
917 2640 949 2701 Γ
944 2637 1085 2728 ρηγόριος
1100 2635 1148 2704 ὅτι
1164 2637 1279 2722 θνητὸν
1295 2638 1352 2703 αό-

252 2743 306 2809 τὸν
323 2739 499 2829 ἀπεφήνατο
513 2738 530 2807 ὃ
545 2742 620 2819 θεὸς
632 2739 787 2830 νεκρότητι
801 2739 1002 2829 περιβάλλων.
1052 2747 1142 2808 codro
1159 2741 1219 2831 γὰρ
1235 2742 1265 2808 oi
1281 2743 1353 2829 δερ-

253 2946 333 2995 tatem
351 2955 456 3009 qnoque
472 2937 511 2991 eie
527 2937 723 2993 indifferentem
739 2938 895 3007 redegerat,
915 2937 1070 2993 amiserant
1103 2936 1187 2991 omnis
1201 2936 1271 2992 enim
1288 2954 1354 2992 ocn-

253 3010 310 3079 lus,
335 3009 463 3076 cumipse
477 3026 491 3059 a
506 3024 565 3061 sese
579 3008 738 3061 intellectum
753 3026 806 3059 non
824 3008 933 3075 babeat,
959 3025 993 3061 ea
1006 3016 1049 3061 est
1062 3014 1157 3061 natura
1171 3014 1202 3060 ot
1220 3024 1236 3060 a
1251 3008 1357 3061 ratione

255 3081 289 3133 ad
307 3078 436 3131 obiectum
457 3077 527 3145 quod
545 3076 618 3130 videt
635 3076 774 3129 excitetur.
808 3076 899 3145 itaque
923 3092 1112 3145 saepenumero
1136 3074 1271 3130 intellectu
1295 3076 1357 3131 aliis

254 3150 334 3201 rebus
358 3152 484 3228 occupato
510 3145 588 3198 etiam
611 3144 760 3198 notissimos
784 3144 902 3199 homines
926 3154 1053 3215 tanquam·
1075 3145 1150 3199 caeci
1174 3147 1357 3217 praeterimus,

256 3234 341 3287 eoque
360 3232 463 3269 nomme
480 3216 634 3285 reprehensi
651 3214 750 3267 reiecta
765 3213 796 3267 in
811 3214 906 3268 mentis
920 3213 1118 3283 occupationem
1135 3224 1215 3269 unsa
1230 3232 1279 3269 nos
1292 3233 1359 3287 pur·

255 3304 356 3357 gamus.
392 3286 432 3337 sic
445 3302 509 3353 ergo
522 3286 635 3341 Adamas
652 3292 680 3338 et
694 3286 757 3337 Eva
772 3301 853 3337 sensu
867 3284 961 3337 mentis
974 3284 1008 3337 ad
1020 3284 1150 3337 visionem
1162 3286 1356 3340 excitabantur.
1450 3328 1456 3337 .

256 3372 316 3411 nam
334 3356 400 3407 baec
415 3349 614 3423 “cognoverunt
630 3372 659 3407 se
676 3353 759 3407 nudos
776 3348 852 3407 esso”
869 3353 1074 3423 patefactionem
1095 3353 1118 3407 s'
1157 3354 1262 3424 ilioant,
1288 3372 1359 3423 qnae

256 3424 284 3478 in
300 3424 405 3478 ratione
420 3422 526 3492 evcnit,
543 3442 595 3477 non
610 3424 740 3485 oculorum
753 3423 926 3493 apertionem.
959 3420 988 3476 id
1001 3439 1106 3493 quoque
1139 3424 1258 3478 'amdam
1271 3425 1360 3477 nobis.

255 3502 317 3547 ante
338 3492 527 3560 deiectionem,
554 3510 612 3545 cnm
628 3492 719 3547 liberis
736 3493 800 3547 dare
817 3510 925 3562 operam
946 3494 1060 3547 nondum
1078 3492 1112 3546 iis
1132 3502 1205 3547 esset
1221 3491 1358 3563 temporu-

255 3579 334 3629 rum‚
359 3580 412 3616 non
432 3560 542 3613 dederat
563 3561 613 3613 hoo
632 3562 685 3614 illis
700 3563 764 3617 deus
781 3570 812 3616 ut
828 3563 996 3616 nudationem
1011 3562 1131 3631 corporis
1148 3570 1287 3629 caverent,
1309 3561 1359 3615 sed

255 3632 387 3700 degebant
406 3628 490 3683 veluti
511 3628 598 3682 carnis
620 3640 759 3699 expertes,
783 3632 896 3685 nondum
916 3638 1063 3700 opportuno
1080 3631 1228 3685 affectionis
1245 3630 1359 3685 ornati·

255 3708 384 3770 tempore.
419 3700 466 3754 sed
488 3706 625 3767 postquam
647 3699 812 3752 contumacia
828 3700 1019 3768 superveniens
1038 3698 1222 3753 mortalitatem
1238 3700 1360 3754 inmodu-

255 3769 310 3836 xit,
329 3768 519 3821 convenienter
535 3767 562 3818 in
580 3774 713 3837 posterum
730 3768 769 3821 eis
782 3767 869 3821 indita
882 3776 924 3821 est
936 3776 1025 3821 mutua
1040 3769 1216 3834 verecundia3
1235 3785 1266 3821 ac
1283 3776 1359 3838 post·

255 3838 332 3892 modo
350 3836 590 3891 ennnedvenerunt
603 3836 744 3905 figurarum
758 3835 954 3905 diversitatem,
970 3836 1023 3890 iam
1038 3846 1100 3891 ante
1111 3839 1244 3906 provisam
1257 3837 1359 3906 inipso

256 3908 381 3977 figmento
407 3908 441 3959 ob
465 3905 571 3975 generis
612 3904 757 3974 ropagandi
781 3904 975 3959 necessitatem.
1011 3905 1174 3975 subligaculo
1198 3914 1286 3960 antem
1307 3905 1360 3961 sibi

230 3978 377 4031 'fecerunt
394 3993 428 4028 ex
444 3974 547 4029 ficulnis
568 3923 657 4057 foliis²
685 3976 726 4026 rei
743 3972 810 4027 male
825 3983 919 4043 gestae
942 3975 1046 4029 modum
1062 3992 1097 4028 ex
1113 3974 1173 4029 eins
1188 3975 1293 4029 arboria
1310 3992 1360 4029 ns-

257 4053 318 4100 tura
341 4044 415 4114 quasi
456 4062 485 4096 er
508 4046 630 4114 ambages
648 4044 839 4097 indicantibus:
862 4044 1077 4113 quemadmodum
1092 4043 1162 4098 enim
1179 4045 1280 4099 iruotm
1295 4046 1361 4098 lions

256 4112 340 4178 dulcis
358 4120 414 4181 est,
431 4062 522 4167 lilium
537 4130 658 4182 asperam
677 4120 705 4166 et
720 4112 921 4180 amarissimum,
939 4114 979 4167 sic
993 4130 1070 4168 omne
1082 4121 1220 4183 peccatum
1232 4116 1362 4169 actionem

257 4184 362 4254 quidem
382 4182 480 4236 habers
500 4183 638 4237 iucundam
657 4183 819 4249 ostenditur,
837 4191 931 4253 postea
946 4200 1011 4238 vero
1028 4182 1144 4236 dolorem
1162 4182 1189 4235 ei
1206 4184 1251 4254 qui
1266 4200 1363 4255 pecca·

259 4252 302 4306 vit
321 4253 409 4305 affert.
443 4252 477 4305 de
493 4250 611 4322 pelliceis
628 4269 708 4323 porro
726 4251 824 4307 tunicis
840 4254 883 4307 Gr
916 4251 989 4307 orius
1007 4250 1146 4321 theologos
1162 4254 1260 4321 sentit,
1285 4253 1362 4306 deum

258 4320 300 4377 its
312 4322 497 4377 mortalitatem
513 4320 625 4377 bominis
642 4320 803 4394 declarasse,
820 4339 862 4377 mo
914 4322 922 4337 ⁹
953 4321 1050 4378 uodo
1067 4338 1128 4379 oum
1142 4321 1279 4380 amiciam.
1312 4321 1363 4375 boc
