3134 4809
276 296 331 373 4ο
639 293 819 367 ααοιιοα
836 294 1021 367 στρατια
1087 246 1095 256 ’

242 480 267 537 Β
282 467 426 558 μυσαρὰς
437 464 539 548 πείσας
551 468 679 557 μαγείας
693 469 744 536 καλ
760 468 930 557 μαγγανίας
938 468 1074 549 ἐδίδαξε,
1102 471 1189 535 νικᾶν
1200 466 1278 548 τοδς
1294 453 1393 537 παλε-

280 576 371 659 μίους
394 574 426 637 ἐν
448 570 568 652 τοίποις
588 580 774 671 παρεγγυῶν.
825 575 927 639 τοίνυν
948 574 991 650 είς
1007 570 1126 657 ἡλικίαν
1144 572 1260 661 δνδρδς
1284 574 1395 640 ἐλθών

281 673 386 767 φεύγει
405 676 479 755 τοὺς
499 676 585 753 υίοδς
599 678 696 743 Νίνου
716 682 771 743 τοῦ
789 679 878 743 θείου
898 674 1011 756 αὐτοῦ,
1041 678 1093 741 καί
1109 675 1187 762 πρὸς
1202 676 1396 765 Ἀσσυρίους

279 780 410 868 ἔρχεται.
460 778 538 865 πρὸς
551 780 585 847 δέ
599 776 727 864 Λιβύην
748 782 936 862 διαβαίνοντι
954 779 1109 868 παρθένος
1129 775 1205 867 κδρη
1222 778 1395 868 χωριτική,

282 882 531 971 δπηγριωμένους
556 882 668 968 έχουσα
693 883 765 960 τοὺς
785 881 972 969 δφθαλμοδς
993 883 1045 948 καλ
1066 881 1124 959 τδς
1143 885 1267 969 τρίχας,
1307 882 1421 949 κατδ5

280 984 446 1075 πρόσωπον
462 994 604 1077 συναντᾷ.
653 983 692 1068 ἣν
715 986 766 1052 καί
785 982 901 1069 στήσας
918 985 954 1052 τδ
972 984 1069 1068 αδτῆς
1083 984 1181 1069 ὄνομα
1194 984 1317 1072 ήρώτα.
1370 984 1394 1071 ἦ

282 1090 317 1155 δέ
327 1086 528 1156 “movero”
547 1088 607 1177 ἔφη
617 1084 794 1173 “λέγομαι.”
821 1090 873 1153 καὶ
889 1086 999 1153 αὖτίκα
1012 1088 1067 1172 τήν
1080 1088 1178 1176 κιίραν
1194 1089 1293 1174 αὐτῆς
1309 1089 1399 1155 u'moa¹

282 1192 400 1275 τέμνει·
432 1193 485 1256 καλ
507 1190 623 1275 ταύτην
643 1188 828 1278 ταριχείαις
844 1189 924 1256 κατὰ
944 1191 1002 1267 τὰς
1026 1189 1179 1278 ἀρρήτους
1199 1195 1252 1258 καί
1272 1191 1397 1280 μιαρδις

281 1290 446 1378 δποθήκας
462 1294 541 1373 Διὸς
552 1300 608 1362 τοῦ
621 1296 752 1384 πατέρος
768 1295 880 1374 αὐτοῦ,
914 1288 982 1371 ταίς
997 1296 1087 1381 χερσί
1107 1300 1229 1381 κρατών
1251 1298 1308 1361 καί
1324 1305 1397 1373 ταῖς

282 1400 424 1485 μαγείαις
452 1402 582 1487 θαρρῶν
608 1399 688 1465 κατὰ
710 1405 772 1465 τών
793 1399 917 1484 ἐχθρῶν
940 1393 1057 1483 ἐχώρει.
1106 1396 1249 1485 Γοργόνα
1274 1400 1311 1464 δέ
1335 1399 1394 1483 τήν
1403 1406 1438 1463 10

244 1510 269 1567 0
285 1499 383 1589 κάραν
406 1499 505 1567 ἐκάλει
522 1504 575 1567 διὰ
595 1502 631 1567 od
651 1508 707 1585 τῆς
718 1503 856 1586 γοητείας
868 1501 983 1587 ἐναργές
997 1502 1050 1565 καί
1062 1495 1127 1578 diei.
1178 1503 1300 1567 ἐκεῖθεν
1312 1503 1395 1590 πρδς

283 1606 458 1673 Αἰθιοπίαν
489 1604 601 1687 διαβὰς
624 1600 684 1669 δπδ
712 1605 846 1692 Κηφέως
867 1600 935 1669 τότε
963 1603 1218 1687 βασιλευομένην,
1256 1608 1313 1670 καὶ
1336 1606 1395 1690 τήν

285 1708 382 1775 αὐτοῦ
414 1706 573 1793 θυγατέρα
604 1705 826 1794 Ἀνδρομέδαν
853 1708 1042 1790 καλουμένην
1068 1709 1120 1771 καί
1149 1706 1262 1795 ἱέρειαν
1292 1701 1395 1775 οὖσαν

239 1797 254 1832 ”
284 1808 427 1897 ἁρπάσας
433 1858 443 1889 ,
469 1810 650 1875 κατέπλευσε
674 1810 727 1875 διδ
740 1812 855 1898 Συρίας
874 1810 952 1896 πρὸς
965 1811 1167 1875 Λυκαονίαν.·
1206 1810 1237 1876 οἱ
1259 1812 1296 1877 δέ
1314 1814 1396 1879 Λυ-

283 1910 390 1989 adom
416 1908 515 2001 τούτῳ
546 1899 782 1992 ἐναντιωθέντες
806 1920 846 2001 τῇ
871 1920 928 1996 τῆς
945 1915 978 1977 Γ
974 1911 1099 1999 οργόνος
1119 1908 1225 2001 πρώτῃ
1250 1916 1393 2006 βοηθείᾳ
1402 1923 1438 1981 15

285 2012 538 2100 κατενικήθησαν.
589 2017 653 2082 ἐκεῖ
664 2020 714 2081 καί
729 2014 817 2081 πόλιν
830 2017 937 2093 κτίσας
946 2018 1088 2100 Περσίδα
1101 2023 1144 2105 τῷ
1160 2018 1226 2104 ίδίῳ
1244 2018 1394 2102 κέκληκεν

284 2116 422 2202 ὀνόματι.
474 2116 587 2203 στήλην
601 2120 634 2185 δέ
650 2118 711 2197 ἔξω
729 2126 785 2203 τῆς
800 2117 915 2195 πόλεως
926 2118 1051 2202 στήσας,
1067 2121 1119 2184 καί
1134 2118 1170 2185 τδ
1186 2119 1395 2203 ἀπεικδνισμα

284 2228 340 2306 τῆς
355 2224 386 2285 Γ
383 2219 508 2307 οργόνος
521 2225 651 2300 ἐπιθείς,
677 2220 816 2289 Είκδνιυν
829 2219 942 2304 ταύτην
955 2220 1160 2306 ἐπωνόμασεν.
1210 2224 1330 2289 ἐκεῖθεν
1342 2226 1394 2289 ἐπί

282 2325 438 2412 Ἰσαυρίαν
453 2328 503 2389 καί
518 2327 660 2391 Κιλικίαν
674 2323 804 2408 διαβάς,
824 2324 967 2413 χρησμὸν
986 2327 1091 2409 λαβὼν
1112 2324 1159 2393 ὅτι
1180 2322 1258 2393 ἐνθα
1281 2328 1318 2392 ἐκ
1334 2331 1395 2393 τοῦ

285 2430 382 2493 ἵππου
398 2426 520 2511 ἀποβὰς
539 2427 593 2495 τὸν
611 2429 725 2516 ταρσὸν
743 2430 900 2517 δδυνηθῇς
914 2436 970 2497 τοῦ
986 2427 1081 2508 ποδός
1085 2478 1097 2509 ,
1121 2430 1206 2513 νίκην
1222 2426 1324 2517 λάβῃς
1338 2431 1436 2495 καίΞθ

245 2545 275 2603 1)
289 2529 377 2597 πόλιν
398 2528 618 2619 ολκοδομήσῃς,
650 2532 706 2615 τήν
720 2532 845 2621 Ταρσὸν
865 2535 956 2613 κτίζει
977 2534 1028 2597 καί
1046 2532 1126 2597 κατὰ
1145 2539 1207 2597 τών
1220 2532 1395 2621 Ἀσσυρίων

287 2632 389 2727 ὁρμᾷ,
414 2631 542 2712 τούτους
562 2660 595 2701 τε
616 2634 742 2721 νικήσας
763 2639 816 2701 καί
838 2634 893 2703 τδν
906 2633 1152 2723 Σαρδανάπαλον
1172 2638 1225 2700 καί
1243 2634 1316 2713 τοδς
1335 2642 1393 2701 τοῦ

286 2739 393 2824 γένους
407 2738 501 2805 αιἰτοῦ
517 2738 688 2817 ἀπεκτονώς
703 2742 746 2817 είς
760 2740 846 2816 τέλος
863 2738 976 2816 adroic
989 2735 1164 2805 δποτοίσσει.
1215 2741 1266 2803 καί
1276 2738 1394 2806 Ἀσσυ·

287 2842 361 2929 ρίων
381 2841 446 2933 τήν.
459 2844 617 2925 βασιλείαν
637 2839 824 2931 ἀφελόμενος
842 2842 891 2907 ἐπὶ
906 2849 950 2932 τῷ
965 2842 1033 2931 ίδίιρ
1048 2838 1174 2925 δνδματι
1187 2842 1316 2923 Πέρσας
1330 2842 1394 2907 αδ-

287 3016 341 3072 que
357 3018 446 3056 omnee
462 3001 655 3057 incantationes
673 3008 700 3057 et
715 3005 847 3059 veneficia
863 3003 962 3074 docuit,
979 3004 1071 3057 horum
1088 3020 1140 3073 opa
1155 3000 1292 3055 victoriam
1309 3002 1338 3056 ei
1355 3006 1392 3058 ab

286 3070 407 3125 hortibus
424 3073 608 3141 reportandam
626 3071 762 3141 pollicem.
797 3074 890 3143 itaque
913 3074 957 3127 vir
979 3075 1065 3125 iactae
1082 3071 1196 3125 Peraeae
1210 3070 1277 3125 Nini
1300 3074 1393 3142 patrui

286 3140 358 3195 filios
378 3140 483 3210 fugiens
501 3142 535 3195 ad
552 3141 676 3209 Assyrios
692 3143 776 3197 venit.
810 3142 874 3196 inda
894 3143 923 3196 iu
939 3142 1056 3195 Africam
1078 3140 1152 3193 eunti
1175 3140 1252 3210 virgo
1273 3142 1394 3197 occurrit

287 3210 423 3280 indigena,
449 3210 533 3265 ooulia
548 3210 702 3280 capillisque
718 3213 793 3265 ierne
809 3212 895 3265 inetur
906 3213 1027 3265 horreoe.
1062 3226 1139 3280 quem
1155 3208 1216 3281 ipae
1231 3227 1290 3264 cum
1302 3212 1393 3267 euboi-

290 3286 362 3335 τίετε
378 3280 519 3350 coegisset,
536 3282 606 3351 quod
620 3296 714 3334 nomen
731 3288 838 3348 gereret
851 3280 1038 3349 interrogarit.
1075 3280 1212 3349 professae
1224 3297 1320 3334 nomen
1331 3282 1394 3334 Με-

290 3351 373 3402 duaae
393 3350 482 3403 atatim
506 3356 585 3420 eaput
607 3350 770 3420 amputavit3
795 3350 892 3420 idque,
916 3358 947 3404 ui
967 3348 1091 3402 infandae
1106 3357 1187 3418 atque
1203 3350 1394 3404 abominandae
1416 3395 1419 3406 .
1511 3347 1514 3355 '

289 3418 363 3471 Iovia
381 3418 466 3487 patrie
482 3418 682 3489 praedaptionee
699 3419 841 3489 iubebant,
865 3421 997 3474 eonditum
1017 3420 1134 3487 habene,
1158 3436 1278 3472 manuum
1294 3422 1394 3473 robore

291 3495 320 3539 at
332 3487 491 3557 magicarum
507 3489 602 3540 artium
618 3488 716 3543 fiducie
729 3491 825 3557 fretus,
843 3492 982 3545 adversum
998 3487 1087 3541 Ιιοτέετ
1104 3505 1166 3541 euoe
1182 3488 1311 3557 perrexit.
1346 3504 1393 3541 oe-

291 3556 344 3625 piti
359 3574 453 3610 nomen
470 3556 605 3623 Gorgonis
619 3558 746 3627 imposuit
761 3561 795 3613 ob
810 3560 995 3614 effimeiooem
1008 3564 1036 3611 et
1053 3557 1106 3609 vim
1122 3558 1255 3611 veneficii.
1289 3558 1352 3611 iude
1364 3556 1394 3608 iu

291 3626 460 3695 Aethiopiam
476 3625 615 3692 transivit,
643 3644 720 3695 quam
739 3638 803 3682 tuno
819 3630 941 3699 Cepheos
964 3644 1047 3695 regno
1067 3628 1191 3691 tenebet3
1214 3626 1289 3680 cuiue
1311 3626 1393 3680 filiam

291 3694 668 3779 Apdromedameaudemque
689 3700 852 3751 sacerdotem
876 3697 982 3765 rapuit,
1007 3711 1038 3749 eo
1051 3711 1101 3778 per
1112 3694 1268 3777 Syriam-ed
1284 3696 1393 3763 Lyaeo·

293 3763 1394 3887 ‚¹133¹¹2diiiioi{321¹0'1ffizii‘253053'322dsdidiffluas

293 3898 429 3953 Persidem
448 3900 601 3972 appellavit.
635 3906 711 3955 extra
727 3903 818 3954 urbem
835 3909 948 3955 statuero
961 3901 1071 4024 δρυσὶν,
1090 3907 1169 3971 etque
1185 3902 1219 3953 ab
1237 3918 1270 3954 eo
1286 3900 1394 3955 eimuia-

294 3985 340 4021 oro
359 3970 477 4023 Iconium
493 3968 647 4024 nominavit.
686 3969 751 4023 inde
771 3970 899 4024 Ιιαατίιαα
917 3980 947 4024 et
986 3970 1081 4024 ’liciam
1098 3987 1257 4041 peragrans,
1283 3977 1394 4041 aooepto

296 4038 402 4091 oraculo
426 4047 457 4091 ut
480 4057 532 4109 quo
550 4044 607 4093 lo'oo
624 4039 658 4091 de
674 4056 743 4107 equo
758 4040 920 4094 descendens
935 4039 964 4092 iu
979 4039 1069 4108 pionte
1084 4039 1161 4110 padio
1177 4039 1294 4093 dolorem
1309 4038 1394 4094 seuti-

295 4114 353 4171 rot‚
372 4108 411 4161 ibi
426 4108 564 4162 victoriam
581 4106 713 4161 obtineret
728 4116 808 4179 atque
824 4111 916 4162 urbem
932 4110 1101 4175 aedifioaret,
1125 4107 1252 4176 Tereum,
1278 4108 1396 4179 epiauta

294 4176 373 4246 podia
390 4175 487 4229 dietam
504 4180 603 4246 urbem,
623 4176 751 4231 condidit.
787 4196 819 4232 ao
831 4186 923 4232 contra
935 4178 1061 4247 Assyriae
1076 4178 1212 4248 proiectae
1226 4196 1272 4232 eoa
1283 4193 1397 4248 eupeta-

294 4243 352 4312 vit‚
379 4244 613 4315 Sardanapaioque
635 4263 693 4299 oum
716 4262 765 4301 eua
790 4255 871 4317 geute
890 4254 984 4301 necato
1001 4246 1127 4314 Aeayrioe
1151 4263 1260 4316 prome
1282 4244 1397 4315 subegit,

295 4330 433 4387 regnoque
445 4314 480 4368 iia
497 4316 630 4387 adempto,
651 4316 749 4371 Pareae
766 4316 801 4372 de
820 4333 868 4373 auo
885 4316 991 4375 uomiue
1006 4314 1169 4388 appellavit,
1192 4332 1353 4389 regnumque
1369 4312 1398 4367 iu
