3134 4809
518 342 855 411 PRAEFATIO.
1168 370 1242 418 xvu

46 528 47 589 ξ
128 514 191 583 eus
220 537 256 581 au
278 515 375 581 labore
410 536 466 599 non
502 512 611 603 exiguo
645 510 813 601 descriptus,
851 516 1027 607 collataque
1054 540 1118 583 eum
1141 528 1239 584 vestm
1294 567 1297 576 ·

46 680 47 709 ζ
129 620 275 707 exemplo.
318 640 356 685 ex
379 636 417 682 eo
440 616 544 703 poterit
567 615 725 680 emendatio
749 636 843 681 eorum
870 620 940 683 amni
965 620 995 685 iu
1020 620 1122 707 quibus
1147 632 1191 684 est
1218 644 1239 686 a

46 722 47 799 j
129 742 180 785 ms
205 732 356 807 peecatum.
406 730 436 783 ιιι
460 717 536 783 enim
560 738 691 803 nusquam
715 738 760 781 me
784 716 980 785 hallucinatum
1002 720 1153 809 profitear,
1181 743 1240 787 non

46 864 47 869 κ
129 822 219 887 facile
243 823 312 887 mibi
335 820 480 909 quisquam
511 817 690 904 persuaserit.
734 819 847 885 eonlido
868 834 964 887 tamen
992 843 1097 909 aequos
1120 824 1238 907 peritos·

45 980 46 983 ,
130 944 188 1009 quo
211 946 304 990 vernn
326 936 355 989 et
379 942 572 987 aerumnarum
598 940 668 1007 quae
699 919 728 985 in
752 919 911 988 huiusmodi
932 923 1069 1012 operibns
1097 934 1158 986 sunt
1186 945 1236 988 ex·

130 1022 288 1087 audmdss
311 1020 437 1089 lectores
459 1043 514 1087 non
541 1020 578 1087 ita
602 1021 684 1085 multa
707 1022 931 1101 desideratmos,
957 1038 986 1090 ιιι
1010 1044 1070 1089 uon
1094 1023 1150 1087 sint
1169 1024 1240 1089 mibi

129 1146 185 1209 pro
208 1123 353 1190 laboribus
376 1123 456 1187 hisee
480 1122 597 1211 gratiam
620 1122 749 1189 habituri.
791 1126 883 1192 Vobis
902 1140 1011 1204 autem,
1040 1126 1104 1191 Viri
1126 1125 1239 1211 amplis·

129 1223 211 1302 simi,
247 1224 332 1291 vobis
361 1236 499 1311 aeeeptnm
532 1224 609 1291 lerre
638 1224 758 1303 debent,
798 1248 881 1312 quam
910 1227 967 1293 boe
994 1248 1085 1315 opere
1110 1227 1239 1315 legando

44 1316 45 1395 i
129 1326 277 1392 utilitatem
303 1324 564 1413 delectationumque
597 1326 736 1413 capient:
771 1326 878 1405 vobis,
906 1328 1041 1415 iuquam,
1068 1350 1126 1395 non
1154 1328 1236 1395 mibi.

128 1429 243 1495 tametsi
275 1428 346 1495 enim
372 1430 462 1494 undio
488 1426 686 1515 reipublicae
716 1426 861 1493 literariae
887 1430 1026 1494 iuvandae
1053 1442 1137 1517 atque
1155 1429 1233 1495 loeu-

129 1532 282 1617 pletandao
308 1542 405 1595 tenear
430 1529 478 1595 vel
507 1530 644 1608 ιιιιιιιίιιιο,
674 1530 824 1619 panemque
851 1531 949 1614 (quod
978 1531 1063 1596 velim
1083 1552 1167 1595 namo
1191 1532 1234 1595 ‹li-

128 1648 200 1699 otum
220 1632 396 1721 arrogantius
427 1634 526 1719 putet)
555 1631 695 1699 voluntate
715 1633 790 1696 bene
812 1634 940 1698 merendi
967 1634 1004 1698 de
1034 1631 1126 1719 patria
1151 1632 1234 1709 nelo,

130 1746 180 1799 aut
200 1734 318 1800 fortasse
339 1732 460 1809 nemini,
489 1744 582 1799 tamen
606 1755 642 1797 ea
662 1746 706 1799 est
726 1754 820 1799 rerum
832 1756 957 1799 menum
975 1734 1111 1811 tenuitas,
1134 1746 1165 1798 ut
1177 1732 1235 1797 nisi

129 1834 192 1898 aliia
211 1836 302 1901 locata
331 1856 395 1899 mea
420 1856 524 1921 opera,
558 1834 605 1923 qui
631 1836 799 1899 fortunarum
816 1856 940 1901 mearum
956 1835 1079 1901 babeant
1095 1857 1131 1901 ae
1151 1834 1230 1899 labo·

130 1959 189 2001 rmn
219 1950 248 2003 et
272 1957 340 2002 suae
366 1935 540 2003 liberalitatis
567 1936 718 2012 rationem,
756 1935 898 2001 scribendi
923 1935 1081 2003 laultatem
1109 1937 1231 2003 babeam

129 2038 240 2103 nullam.
282 2051 313 2103 et
330 2038 454 2126 quamvis
480 2037 565 2103 multo
587 2050 630 2103 est
650 2060 732 2125 quam
757 2037 879 2123 imperiti
902 2039 1022 2103 eredore
1045 2040 1151 2125 possint
1180 2060 1230 2103 aa·

129 2140 297 2218 rumnosius,
332 2141 400 2217 ista,
430 2140 523 2226 qualia
551 2162 603 2204 nos
629 2138 692 2205 lore
723 2138 859 2205 edidimus
889 2139 996 2217 adhue,
1034 2142 1231 2217 eonseribere3

129 2255 239 2307 utnon
266 2242 379 2307 domino
407 2252 508 2305 tantum
539 2240 615 2305 lundi
641 2241 810 2319 maximam,
845 2239 899 2305 setl
920 2254 949 2305 et
976 2242 1077 2307 eolono
1108 2242 1231 2330 aliquant

129 2344 251 2432 gratiam
270 2344 376 2409 debere
395 2340 486 2408 vileri
504 2344 609 2429 possint
635 2342 681 2431 qni
702 2341 828 2430 frugibus
850 2354 1012 2419 ιοιοιιιιιιιις
1040 2365 1099 2432 ego
1120 2343 1231 2409 ἰιιιιιιίιιι

129 2446 203 2531 quod
222 2447 259 2511 nb
281 2446 345 2511 aliis
372 2443 485 2533 exigam
510 2465 567 2509 nou
588 2443 697 2521 babeo,
727 2445 772 2509 oui
792 2442 902 2509 dubium
927 2446 1037 2512 nonsit
1059 2444 1123 2531 quin
1148 2468 1231 2511 meos

130 2546 241 2613 iubos
265 2568 356 2635 opero
386 2546 500 2612 labores
526 2568 579 2634 pro
608 2558 701 2613 vestra
730 2545 1008 2633 liberalitatemque
1041 2546 1231 2612 munificentia

130 2648 168 2713 ita
187 2650 248 2715 sitis
266 2647 481 2736 eompensaturi,
510 2661 538 2713 ut
559 2648 662 2737 insigni
682 2648 764 2713 vobis
790 2645 937 2713 obstrietus
962 2648 1101 2713 beneflcio
1128 2670 1230 2736 perpe·

129 2764 189 2817 tuas
208 2754 260 2819 sim
280 2752 419 2817 debiturus
438 2738 521 2837 mune
546 2749 687 2815 habiturus
708 2750 825 2838 gratias.
868 2762 951 2837 atque
970 2769 1030 2835 ego
1050 2747 1118 2813 sabe
1138 2770 1231 2836 neque

130 2853 304 2941 volensque
325 2852 418 2919 debeo
438 2852 522 2917 etiam
542 2850 665 2929 diffiteri,
685 2851 759 2919 bano
778 2850 847 2917 mihi
866 2849 1036 2939 potissimam
1049 2849 1134 2916 luisse
1147 2873 1230 2916 meae

130 2954 209 3020 vobis
239 2976 346 3042 operae
375 2950 541 3019 ollerendae
571 2966 654 3041 atque
684 2955 830 3020 navandae
862 2976 989 3031 eausam,
1026 2966 1056 3019 nt
1078 2966 1228 3020 eonseouto

129 3057 201 3143 quod
222 3054 312 3134 volui,
344 3076 427 3121 nemo
450 3054 521 3119 alius
544 3078 628 3142 porro
652 3056 688 3122 ait
713 3058 902 3145 appellandus
945 3070 976 3121 at
991 3070 1102 3123 vestrae
1117 3056 1226 3145 magui·

129 3157 256 3223 licentiae
282 3159 359 3245 quis,
390 3155 444 3223 nisi
468 3156 552 3223 animi
580 3182 692 3245 prorsus
715 3160 847 3239 obnoxii,
876 3158 1025 3248 negaverit
1047 3159 1227 3246 plurimuma

129 3282 164 3325 re
187 3259 296 3347 publiea
319 3259 444 3325 literaria
476 3270 506 3326 et
532 3262 658 3327 omnibus
682 3260 710 3327 iu
735 3284 771 3327 ea
794 3262 918 3350 ingenue
943 3262 1116 3326 versantibus
1140 3259 1226 3324 ‹lebe-

130 3362 177 3427 rit
206 3384 269 3427 nam
289 3364 484 3451 nequidem,
514 3365 639 3449 nequid
665 3363 849 3439 dissimulem,
877 3373 1046 3448 paupertas,
1073 3372 1102 3423 ut
1117 3359 1227 3435 illeait,

129 3464 234 3551 impulit
256 3466 347 3531 audax
378 3478 408 3529 ut
429 3464 518 3529 libros
541 3464 673 3531 fauorem.
722 3466 796 3551 quod
830 3466 920 3550 ipsum
946 3474 1039 3525 nmen
1068 3460 1160 3525 adbno
1189 3461 1228 3525 ita

128 3566 289 3653 temperavi,
319 3577 348 3631 et
374 3566 404 3631 in
427 3576 703 3651 posterum-quoque
725 3563 811 3629 rebus
834 3565 905 3629 meis
927 3562 969 3629 aie
990 3563 1169 3651 poscentibus
1188 3564 1229 3629 ita

130 3668 278 3745 instituam,
318 3680 349 3733 ut
372 3689 430 3732 non
451 3668 559 3733 minora
584 3666 619 3730 aul
645 3665 778 3731 bonarum
812 3667 953 3734 literarmn
983 3666 1123 3731 studiosos
1146 3688 1228 3753 quam

129 3770 164 3833 ad
187 3792 233 3833 mo
256 3770 327 3835 meis
358 3767 544 3834 olabovibus
566 3768 684 3835 redeant
707 3769 896 3837 emolumenta.
948 3768 1009 3837 Vos
1036 3779 1129 3832 antem
1152 3770 1228 3855 quid,

128 3884 240 3959 praeter
264 3872 394 3959 publicae
419 3870 542 3937 utilitatis
570 3873 693 3938 rationes
718 3884 747 3937 et
773 3872 941 3937 voluntatem
971 3871 1009 3935 tle
1042 3889 1090 3933 me
1119 3892 1230 3958 quoqne

129 3974 256 4061 privatim
278 3968 522 4047 benemerendi,
552 3974 589 4039 ad
613 3975 669 4040 hoe
695 3974 820 4040 Cedreni
843 3974 963 4039 dandum
987 3992 1082 4037 munus
1106 3974 1227 4039 adduxe·

129 4076 172 4149 rit,
200 4094 238 4138 ue
272 4074 393 4161 eogitari
415 4075 527 4163 quidem
560 4087 665 4162 potost;
705 4076 894 4163 sistatque
924 4076 965 4139 ita
987 4084 1031 4138 eet
1055 4073 1085 4139 iu
1112 4075 1228 4161 Europa

128 4175 232 4263 hospes
256 4188 286 4239 et
304 4176 395 4241 lamae
415 4176 545 4265 ignarus,
576 4190 605 4242 ιιι
627 4189 728 4243 voest
752 4176 846 4243 avitae
869 4190 898 4243 ot
919 4173 1021 4239 vensis
1044 4177 1225 4262 meritispur·

127 4290 171 4345 tse
194 4277 308 4366 gloriae
330 4278 428 4367 inopes
458 4278 611 4367 suspiostur
632 4280 753 4346 voluisse
786 4278 867 4343 huius
889 4276 1066 4345 liberalitatis
1095 4290 1225 4366 opportu-

332 4386 337 4397 '
979 4380 1018 4421 Η
