<?xml version="1.0" encoding="UTF-8"?>
<!DOCTYPE html PUBLIC "-//W3C//DTD XHTML 1.0 Transitional//EN"
    "http://www.w3.org/TR/xhtml1/DTD/xhtml1-transitional.dtd">
<html xmlns="http://www.w3.org/1999/xhtml" xml:lang="en" lang="en">
 <head>
  <title>
</title>
<meta http-equiv="Content-Type" content="text/html;charset=utf-8" />
  <meta name='ocr-system' content='tesseract 3.04.00' />
  <meta name='ocr-capabilities' content='ocr_page ocr_carea ocr_par ocr_line ocrx_word'/>
</head>
<body>
  <div class='ocr_page' id='page_1' title='image "./corpusscriptoru47theogoog_0085.png"; bbox 0 0 3134 4809; ppageno 0'>
   <div class='ocr_carea' id='block_1_1' title="bbox 423 343 1276 417">
    <p class='ocr_par' dir='ltr' id='par_1_1' title="bbox 423 343 1276 417">
     <span class='ocr_line' id='line_1_1' title="bbox 423 343 1276 417; baseline 0.007 -8"><span class='ocrx_word' id='word_1_1' title='bbox 423 343 717 411; x_wconf 77' lang='lat' dir='ltr'>fflsrouttuunt</span> <span class='ocrx_word' id='word_1_2' title='bbox 747 343 1036 415; x_wconf 76' lang='lat' dir='ltr'><strong>COMPENDIUM.</strong></span> <span class='ocrx_word' id='word_1_3' title='bbox 1228 345 1276 417; x_wconf 80' lang='lat'>63</span> 
     </span>
    </p>
   </div>
   <div class='ocr_carea' id='block_1_2' title="bbox 135 512 1335 2769">
    <p class='ocr_par' dir='ltr' id='par_1_2' title="bbox 135 512 1335 2769">
     <span class='ocr_line' id='line_1_2' title="bbox 182 512 1276 605; baseline 0.002 -23"><span class='ocrx_word' id='word_1_4' title='bbox 182 512 272 602; x_wconf 84' lang='grc' dir='ltr'><em>τρίς,</em></span> <span class='ocrx_word' id='word_1_5' title='bbox 298 512 314 581; x_wconf 85' lang='grc' dir='ltr'><strong>ὅ</strong></span> <span class='ocrx_word' id='word_1_6' title='bbox 333 516 368 581; x_wconf 73' lang='grc' dir='ltr'>δὲ</span> <span class='ocrx_word' id='word_1_7' title='bbox 383 513 501 603; x_wconf 76' lang='grc' dir='ltr'><em>Ἰωσὴφ</em></span> <span class='ocrx_word' id='word_1_8' title='bbox 516 520 555 601; x_wconf 82' lang='grc' dir='ltr'>τῇ</span> <span class='ocrx_word' id='word_1_9' title='bbox 563 515 717 605; x_wconf 76' lang='grc' dir='ltr'><em>Ἀλγσπτίρι</em></span> <span class='ocrx_word' id='word_1_10' title='bbox 732 514 767 581; x_wconf 76' lang='grc' dir='ltr'>οὗ</span> <span class='ocrx_word' id='word_1_11' title='bbox 782 514 972 602; x_wconf 79' lang='grc' dir='ltr'><em>σονεφθιίρη.</em></span> <span class='ocrx_word' id='word_1_12' title='bbox 1023 515 1167 582; x_wconf 73' lang='grc' dir='ltr'><em>ἀλλὰκαὶ</em></span> <span class='ocrx_word' id='word_1_13' title='bbox 1184 519 1276 583; x_wconf 76' lang='grc' dir='ltr'><em>δικα-</em></span> 
     </span>
     <span class='ocr_line' id='line_1_3' title="bbox 182 616 1275 706; baseline 0.002 -21"><span class='ocrx_word' id='word_1_14' title='bbox 182 626 276 706; x_wconf 80' lang='grc' dir='ltr'><strong><em>τριῶν</em></strong></span> <span class='ocrx_word' id='word_1_15' title='bbox 298 619 436 705; x_wconf 79' lang='grc' dir='ltr'><em>ιλιλεληιῦν</em></span> <span class='ocrx_word' id='word_1_16' title='bbox 457 618 551 683; x_wconf 77' lang='grc' dir='ltr'><em>ὄντων</em></span> <span class='ocrx_word' id='word_1_17' title='bbox 569 623 611 693; x_wconf 81' lang='grc' dir='ltr'><em>είς</em></span> <span class='ocrx_word' id='word_1_18' title='bbox 629 616 747 683; x_wconf 76' lang='grc' dir='ltr'><em>δώδεκα</em></span> <span class='ocrx_word' id='word_1_19' title='bbox 763 620 908 706; x_wconf 74' lang='grc' dir='ltr'>ἐμερίσθη</span> <span class='ocrx_word' id='word_1_20' title='bbox 924 616 943 703; x_wconf 74' lang='grc' dir='ltr'><em>ἡ</em></span> <span class='ocrx_word' id='word_1_21' title='bbox 959 620 1061 705; x_wconf 80' lang='grc' dir='ltr'><em>γῆιλιιλ</em></span> <span class='ocrx_word' id='word_1_22' title='bbox 1074 621 1109 687; x_wconf 81' lang='grc' dir='ltr'>τὸ</span> <span class='ocrx_word' id='word_1_23' title='bbox 1125 621 1177 687; x_wconf 83' lang='grc' dir='ltr'><em>τὸν</em></span> <span class='ocrx_word' id='word_1_24' title='bbox 1191 625 1275 688; x_wconf 75' lang='lat' dir='ltr'>Asci</span> 
     </span>
     <span class='ocr_line' id='line_1_4' title="bbox 182 709 754 799; baseline -0.003 -12"><span class='ocrx_word' id='word_1_25' title='bbox 182 723 387 789; x_wconf 78' lang='grc' dir='ltr'><em>ἀποδεκατσῦν</em></span> <span class='ocrx_word' id='word_1_26' title='bbox 403 724 474 799; x_wconf 76' lang='grc' dir='ltr'><em>τοὺς</em></span> <span class='ocrx_word' id='word_1_27' title='bbox 490 709 614 797; x_wconf 66' lang='lat' dir='ltr'>timot-g</span> <span class='ocrx_word' id='word_1_28' title='bbox 629 718 754 797; x_wconf 83' lang='grc' dir='ltr'><em>πάντας.</em></span> 
     </span>
     <span class='ocr_line' id='line_1_5' title="bbox 279 819 1315 911; baseline -0.004 -19"><span class='ocrx_word' id='word_1_29' title='bbox 279 826 345 893; x_wconf 84' lang='grc' dir='ltr'><em>Ὅτι</em></span> <span class='ocrx_word' id='word_1_30' title='bbox 366 824 488 911; x_wconf 80' lang='grc' dir='ltr'><em>Ἰωσὴφ</em></span> <span class='ocrx_word' id='word_1_31' title='bbox 512 827 623 909; x_wconf 73' lang='grc' dir='ltr'><em>κομιδῇ</em></span> <span class='ocrx_word' id='word_1_32' title='bbox 644 826 709 901; x_wconf 86' lang='grc' dir='ltr'><em>νίας</em></span> <span class='ocrx_word' id='word_1_33' title='bbox 730 820 773 891; x_wconf 74' lang='lat' dir='ltr'>ciis</span> <span class='ocrx_word' id='word_1_34' title='bbox 792 821 836 889; x_wconf 76' lang='grc' dir='ltr'><em>ίτι</em></span> <span class='ocrx_word' id='word_1_35' title='bbox 856 819 998 909; x_wconf 78' lang='grc' dir='ltr'><em>πρόβατα</em></span> <span class='ocrx_word' id='word_1_36' title='bbox 1009 829 1065 888; x_wconf 76' lang='grc' dir='ltr'>τοῦ</span> <span class='ocrx_word' id='word_1_37' title='bbox 1076 827 1190 911; x_wconf 78' lang='grc' dir='ltr'><em>πατρὸς</em></span> <span class='ocrx_word' id='word_1_38' title='bbox 1204 851 1273 892; x_wconf 81' lang='grc' dir='ltr'><em>νισι-</em></span> <span class='ocrx_word' id='word_1_39' title='bbox 1291 835 1315 888; x_wconf 81' lang='lat'><strong>0</strong></span> 
     </span>
     <span class='ocr_line' id='line_1_6' title="bbox 156 912 1293 1013; baseline 0.002 -20"><span class='ocrx_word' id='word_1_40' title='bbox 156 932 295 1013; x_wconf 75' lang='grc' dir='ltr'><em>6μαίνων</em></span> <span class='ocrx_word' id='word_1_41' title='bbox 315 921 354 1013; x_wconf 85' lang='grc' dir='ltr'><em>ἦν</em></span> <span class='ocrx_word' id='word_1_42' title='bbox 360 978 370 1008; x_wconf 86' lang='grc'>,</span> <span class='ocrx_word' id='word_1_43' title='bbox 397 932 447 993; x_wconf 81' lang='grc' dir='ltr'>καλ</span> <span class='ocrx_word' id='word_1_44' title='bbox 462 932 579 1008; x_wconf 78' lang='grc' dir='ltr'><em>μᾶλλον</em></span> <span class='ocrx_word' id='word_1_45' title='bbox 595 934 655 993; x_wconf 78' lang='grc' dir='ltr'><em>τῶν</em></span> <span class='ocrx_word' id='word_1_46' title='bbox 668 926 769 993; x_wconf 74' lang='grc' dir='ltr'><em>ἄλλων</em></span> <span class='ocrx_word' id='word_1_47' title='bbox 782 928 921 1012; x_wconf 76' lang='grc' dir='ltr'><em>ἠγαπᾶτο</em></span> <span class='ocrx_word' id='word_1_48' title='bbox 938 931 983 1013; x_wconf 76' lang='grc' dir='ltr'>τῷ</span> <span class='ocrx_word' id='word_1_49' title='bbox 1000 929 1102 1012; x_wconf 83' lang='grc' dir='ltr'><em>πατρί.</em></span> <span class='ocrx_word' id='word_1_50' title='bbox 1153 930 1201 993; x_wconf 72' lang='grc' dir='ltr'><em>διὸ</em></span> <span class='ocrx_word' id='word_1_51' title='bbox 1224 912 1293 995; x_wconf 39' lang='grc' dir='ltr'><em>καλ.</em></span> 
     </span>
     <span class='ocr_line' id='line_1_7' title="bbox 181 1028 1275 1120; baseline 0 -23"><span class='ocrx_word' id='word_1_52' title='bbox 181 1032 210 1097; x_wconf 84' lang='lat' dir='ltr'>oi</span> <span class='ocrx_word' id='word_1_53' title='bbox 235 1034 363 1120; x_wconf 69' lang='grc' dir='ltr'><em>ἀδελφοὶ</em></span> <span class='ocrx_word' id='word_1_54' title='bbox 381 1028 635 1117; x_wconf 76' lang='grc' dir='ltr'><em>διαφθονοίμενοι</em></span> <span class='ocrx_word' id='word_1_55' title='bbox 654 1031 741 1097; x_wconf 78' lang='grc' dir='ltr'><em>οὐδὲν</em></span> <span class='ocrx_word' id='word_1_56' title='bbox 761 1032 838 1117; x_wconf 79' lang='grc' dir='ltr'><em>πρὸς</em></span> <span class='ocrx_word' id='word_1_57' title='bbox 857 1029 951 1096; x_wconf 75' lang='grc' dir='ltr'><em>αὐτὸν</em></span> <span class='ocrx_word' id='word_1_58' title='bbox 974 1030 1122 1116; x_wconf 75' lang='grc' dir='ltr'><em>εἰρηνικὸν</em></span> <span class='ocrx_word' id='word_1_59' title='bbox 1140 1030 1275 1097; x_wconf 78' lang='grc' dir='ltr'><em>ίλιίλοαν.</em></span> 
     </span>
     <span class='ocr_line' id='line_1_8' title="bbox 179 1131 1276 1220; baseline 0 -21"><span class='ocrx_word' id='word_1_60' title='bbox 179 1139 384 1220; x_wconf 87' lang='grc' dir='ltr'><em>προσετίθονν</em></span> <span class='ocrx_word' id='word_1_61' title='bbox 405 1135 438 1199; x_wconf 79' lang='grc' dir='ltr'>δὲ</span> <span class='ocrx_word' id='word_1_62' title='bbox 460 1136 509 1199; x_wconf 81' lang='grc' dir='ltr'>καλ</span> <span class='ocrx_word' id='word_1_63' title='bbox 528 1144 617 1217; x_wconf 83' lang='grc' dir='ltr'><em>μῖσος</em></span> <span class='ocrx_word' id='word_1_64' title='bbox 638 1142 698 1199; x_wconf 77' lang='grc' dir='ltr'><em>τῶν</em></span> <span class='ocrx_word' id='word_1_65' title='bbox 721 1136 865 1200; x_wconf 86' lang='grc' dir='ltr'><em>ίναιινίων</em></span> <span class='ocrx_word' id='word_1_66' title='bbox 887 1135 983 1199; x_wconf 70' lang='grc' dir='ltr'><em>αὐτοῦ</em></span> <span class='ocrx_word' id='word_1_67' title='bbox 1006 1131 1174 1211; x_wconf 74' lang='grc' dir='ltr'><em>ἀκούοντες.</em></span> <span class='ocrx_word' id='word_1_68' title='bbox 1225 1140 1276 1200; x_wconf 81' lang='grc' dir='ltr'>καί</span> 
     </span>
     <span class='ocr_line' id='line_1_9' title="bbox 177 1235 1276 1326; baseline 0 -23"><span class='ocrx_word' id='word_1_69' title='bbox 177 1239 238 1325; x_wconf 73' lang='grc' dir='ltr'>γὰρ</span> <span class='ocrx_word' id='word_1_70' title='bbox 262 1239 321 1326; x_wconf 65' lang='grc' dir='ltr'>ἔφη</span> <span class='ocrx_word' id='word_1_71' title='bbox 343 1235 526 1323; x_wconf 77' lang='grc' dir='ltr'><em>“ιλριίγματα</em></span> <span class='ocrx_word' id='word_1_72' title='bbox 550 1236 754 1319; x_wconf 74' lang='grc' dir='ltr'><em>δεσμενίντων</em></span> <span class='ocrx_word' id='word_1_73' title='bbox 777 1235 865 1321; x_wconf 76' lang='grc' dir='ltr'><em>ἡμῶν</em></span> <span class='ocrx_word' id='word_1_74' title='bbox 887 1240 919 1303; x_wconf 84' lang='grc' dir='ltr'><em>ίν</em></span> <span class='ocrx_word' id='word_1_75' title='bbox 941 1242 984 1323; x_wconf 79' lang='grc' dir='ltr'>τῷ</span> <span class='ocrx_word' id='word_1_76' title='bbox 1004 1239 1099 1325; x_wconf 76' lang='grc' dir='ltr'><em>πεδίῳ</em></span> <span class='ocrx_word' id='word_1_77' title='bbox 1119 1238 1205 1326; x_wconf 81' lang='grc' dir='ltr'><em>ᾤμην</em></span> <span class='ocrx_word' id='word_1_78' title='bbox 1220 1241 1276 1322; x_wconf 83' lang='grc' dir='ltr'><em>μίν</em></span> 
     </span>
     <span class='ocr_line' id='line_1_10' title="bbox 179 1337 1276 1429; baseline 0 -21"><span class='ocrx_word' id='word_1_79' title='bbox 179 1343 401 1429; x_wconf 73' lang='grc' dir='ltr'><em>ἀνορθωθῆναι</em></span> <span class='ocrx_word' id='word_1_80' title='bbox 422 1342 456 1406; x_wconf 86' lang='grc' dir='ltr'>τὸ</span> <span class='ocrx_word' id='word_1_81' title='bbox 478 1339 566 1421; x_wconf 74' lang='grc' dir='ltr'><em>ἐμόν,</em></span> <span class='ocrx_word' id='word_1_82' title='bbox 589 1340 627 1405; x_wconf 77' lang='lat' dir='ltr'>sd</span> <span class='ocrx_word' id='word_1_83' title='bbox 646 1342 679 1406; x_wconf 74' lang='lat' dir='ltr'>dd</span> <span class='ocrx_word' id='word_1_84' title='bbox 694 1337 826 1428; x_wconf 75' lang='grc' dir='ltr'><em>ῧμίτερα</em></span> <span class='ocrx_word' id='word_1_85' title='bbox 842 1341 1083 1426; x_wconf 69' lang='grc' dir='ltr'><em>περιστραφέντα</em></span> <span class='ocrx_word' id='word_1_86' title='bbox 1097 1353 1276 1429; x_wconf 74' lang='grc' dir='ltr'><em>προσκυνεῖν</em></span> 
     </span>
     <span class='ocr_line' id='line_1_11' title="bbox 138 1440 1288 1533; baseline 0.005 -28"><span class='ocrx_word' id='word_1_87' title='bbox 138 1452 173 1506; x_wconf 87' lang='grc'>10</span> <span class='ocrx_word' id='word_1_88' title='bbox 180 1444 299 1533; x_wconf 55' lang='lat' dir='ltr'>norm?</span> <span class='ocrx_word' id='word_1_89' title='bbox 350 1442 457 1509; x_wconf 74' lang='grc' dir='ltr'><em>τούτου</em></span> <span class='ocrx_word' id='word_1_90' title='bbox 472 1451 546 1528; x_wconf 77' lang='grc' dir='ltr'><em>γοῦν</em></span> <span class='ocrx_word' id='word_1_91' title='bbox 559 1440 759 1523; x_wconf 77' lang='grc' dir='ltr'><em>ἀκούσαντες,</em></span> <span class='ocrx_word' id='word_1_92' title='bbox 786 1446 838 1509; x_wconf 82' lang='grc' dir='ltr'>καί</span> <span class='ocrx_word' id='word_1_93' title='bbox 851 1441 893 1520; x_wconf 79' lang='grc' dir='ltr'><em>ὡς</em></span> <span class='ocrx_word' id='word_1_94' title='bbox 903 1441 1077 1526; x_wconf 74' lang='grc' dir='ltr'>βασιλεύσει</span> <span class='ocrx_word' id='word_1_95' title='bbox 1094 1446 1145 1510; x_wconf 77' lang='grc' dir='ltr'><em>εἰτ’</em></span> <span class='ocrx_word' id='word_1_96' title='bbox 1163 1445 1288 1522; x_wconf 59' lang='lat' dir='ltr'>attota-</span> 
     </span>
     <span class='ocr_line' id='line_1_12' title="bbox 179 1542 1276 1637; baseline -0.001 -22"><span class='ocrx_word' id='word_1_97' title='bbox 179 1549 284 1637; x_wconf 77' lang='grc' dir='ltr'><em>ὀρθῶς</em></span> <span class='ocrx_word' id='word_1_98' title='bbox 297 1550 512 1634; x_wconf 77' lang='grc' dir='ltr'><em>ἐπικρίναντες,</em></span> <span class='ocrx_word' id='word_1_99' title='bbox 534 1549 600 1612; x_wconf 90' lang='grc' dir='ltr'><em>λίαν</em></span> <span class='ocrx_word' id='word_1_100' title='bbox 616 1548 766 1613; x_wconf 78' lang='grc' dir='ltr'><em>ἓπίιειναν</em></span> <span class='ocrx_word' id='word_1_101' title='bbox 778 1549 813 1613; x_wconf 83' lang='grc' dir='ltr'>τὸ</span> <span class='ocrx_word' id='word_1_102' title='bbox 826 1558 925 1630; x_wconf 81' lang='grc' dir='ltr'><em>μίσος.</em></span> <span class='ocrx_word' id='word_1_103' title='bbox 949 1549 1098 1632; x_wconf 76' lang='grc' dir='ltr'><em>προσθεὶς</em></span> <span class='ocrx_word' id='word_1_104' title='bbox 1111 1549 1147 1613; x_wconf 64' lang='lat' dir='ltr'>di</span> <span class='ocrx_word' id='word_1_105' title='bbox 1158 1542 1276 1625; x_wconf 67' lang='lat' dir='ltr'>“uita</span> 
     </span>
     <span class='ocr_line' id='line_1_13' title="bbox 179 1646 1273 1739; baseline -0.001 -22"><span class='ocrx_word' id='word_1_106' title='bbox 179 1648 403 1733; x_wconf 74' lang='grc' dir='ltr'><em>ἓνοπνισιίμην”</em></span> <span class='ocrx_word' id='word_1_107' title='bbox 423 1650 499 1738; x_wconf 69' lang='grc' dir='ltr'>ἔφη,</span> <span class='ocrx_word' id='word_1_108' title='bbox 520 1646 597 1715; x_wconf 82' lang='grc' dir='ltr'><em>“καί</em></span> <span class='ocrx_word' id='word_1_109' title='bbox 612 1676 643 1735; x_wconf 81' lang='grc' dir='ltr'>γε</span> <span class='ocrx_word' id='word_1_110' title='bbox 661 1650 747 1739; x_wconf 77' lang='grc' dir='ltr'><em>ᾤμην</em></span> <span class='ocrx_word' id='word_1_111' title='bbox 764 1651 817 1717; x_wconf 85' lang='grc' dir='ltr'><em>τὸν</em></span> <span class='ocrx_word' id='word_1_112' title='bbox 832 1651 920 1734; x_wconf 84' lang='grc' dir='ltr'><em>ἥλιον</em></span> <span class='ocrx_word' id='word_1_113' title='bbox 935 1654 985 1714; x_wconf 81' lang='grc' dir='ltr'>καί</span> <span class='ocrx_word' id='word_1_114' title='bbox 1002 1650 1058 1733; x_wconf 81' lang='grc' dir='ltr'><em>τὴν</em></span> <span class='ocrx_word' id='word_1_115' title='bbox 1075 1648 1202 1735; x_wconf 74' lang='grc' dir='ltr'><em>σελήνην</em></span> <span class='ocrx_word' id='word_1_116' title='bbox 1222 1656 1273 1716; x_wconf 76' lang='grc' dir='ltr'>καί</span> 
     </span>
     <span class='ocr_line' id='line_1_14' title="bbox 179 1752 1272 1841; baseline -0.002 -20"><span class='ocrx_word' id='word_1_117' title='bbox 179 1757 284 1821; x_wconf 70' lang='grc' dir='ltr'><em>ἕνδεκα</em></span> <span class='ocrx_word' id='word_1_118' title='bbox 307 1755 437 1837; x_wconf 82' lang='grc' dir='ltr'><em>ιλστίρας</em></span> <span class='ocrx_word' id='word_1_119' title='bbox 458 1752 702 1837; x_wconf 72' lang='grc' dir='ltr'><em>προσκυνοῦντας</em></span> <span class='ocrx_word' id='word_1_120' title='bbox 718 1780 756 1835; x_wconf 83' lang='grc' dir='ltr'>με</span> <span class='ocrx_word' id='word_1_121' title='bbox 774 1753 947 1841; x_wconf 50' lang='lat' dir='ltr'>sodomis?</span> <span class='ocrx_word' id='word_1_122' title='bbox 1000 1755 1165 1833; x_wconf 80' lang='grc' dir='ltr'><em>διαπαίζων</em></span> <span class='ocrx_word' id='word_1_123' title='bbox 1185 1757 1220 1819; x_wconf 74' lang='lat' dir='ltr'>dd</span> <span class='ocrx_word' id='word_1_124' title='bbox 1238 1754 1272 1819; x_wconf 78' lang='lat' dir='ltr'>zi</span> 
     </span>
     <span class='ocr_line' id='line_1_15' title="bbox 179 1848 1272 1944; baseline -0.001 -20"><span class='ocrx_word' id='word_1_125' title='bbox 179 1858 283 1944; x_wconf 77' lang='grc' dir='ltr'><em>ὅραμα</em></span> <span class='ocrx_word' id='word_1_126' title='bbox 295 1857 411 1939; x_wconf 76' lang='grc' dir='ltr'><em>Ἰοκιίιβ</em></span> <span class='ocrx_word' id='word_1_127' title='bbox 428 1856 485 1943; x_wconf 77' lang='grc' dir='ltr'>ίηη</span> <span class='ocrx_word' id='word_1_128' title='bbox 502 1848 587 1944; x_wconf 70' lang='lat' dir='ltr'>“dou</span> <span class='ocrx_word' id='word_1_129' title='bbox 602 1857 659 1941; x_wconf 74' lang='lat' dir='ltr'>r&#39;yui</span> <span class='ocrx_word' id='word_1_130' title='bbox 674 1853 690 1921; x_wconf 85' lang='grc' dir='ltr'>ὁ</span> <span class='ocrx_word' id='word_1_131' title='bbox 704 1856 806 1943; x_wconf 81' lang='grc' dir='ltr'><em>πατήρ</em></span> <span class='ocrx_word' id='word_1_132' title='bbox 823 1883 880 1923; x_wconf 89' lang='grc' dir='ltr'>σοο</span> <span class='ocrx_word' id='word_1_133' title='bbox 893 1859 942 1921; x_wconf 78' lang='grc' dir='ltr'>καὶ</span> <span class='ocrx_word' id='word_1_134' title='bbox 959 1852 978 1937; x_wconf 76' lang='grc' dir='ltr'><em>ἢ</em></span> <span class='ocrx_word' id='word_1_135' title='bbox 991 1854 1093 1943; x_wconf 77' lang='grc' dir='ltr'><em>μήτηρ</em></span> <span class='ocrx_word' id='word_1_136' title='bbox 1108 1883 1165 1921; x_wconf 88' lang='grc' dir='ltr'>σου</span> <span class='ocrx_word' id='word_1_137' title='bbox 1178 1861 1228 1923; x_wconf 78' lang='grc' dir='ltr'>καὶ</span> <span class='ocrx_word' id='word_1_138' title='bbox 1242 1858 1272 1923; x_wconf 82' lang='lat' dir='ltr'>oi</span> 
     </span>
     <span class='ocr_line' id='line_1_16' title="bbox 138 1960 1311 2049; baseline 0.003 -24"><span class='ocrx_word' id='word_1_139' title='bbox 138 1969 172 2025; x_wconf 78' lang='lat'>16</span> <span class='ocrx_word' id='word_1_140' title='bbox 180 1962 311 2049; x_wconf 78' lang='grc' dir='ltr'><em>σἰιλεληοί</em></span> <span class='ocrx_word' id='word_1_141' title='bbox 323 1985 378 2025; x_wconf 84' lang='grc' dir='ltr'>σου</span> <span class='ocrx_word' id='word_1_142' title='bbox 394 1960 505 2043; x_wconf 71' lang='grc' dir='ltr'><em>ἥξομεν</em></span> <span class='ocrx_word' id='word_1_143' title='bbox 517 1963 725 2041; x_wconf 78' lang='grc' dir='ltr'><em>προσκυνῆσαί</em></span> <span class='ocrx_word' id='word_1_144' title='bbox 738 1986 786 2025; x_wconf 92' lang='grc' dir='ltr'><em>σοι</em></span> <span class='ocrx_word' id='word_1_145' title='bbox 803 1965 849 2025; x_wconf 76' lang='grc' dir='ltr'>ἐπὶ</span> <span class='ocrx_word' id='word_1_146' title='bbox 865 1966 921 2043; x_wconf 78' lang='grc' dir='ltr'><em>τῆς</em></span> <span class='ocrx_word' id='word_1_147' title='bbox 933 1960 1030 2044; x_wconf 80' lang='grc' dir='ltr'><em>γῆς,·”</em></span> <span class='ocrx_word' id='word_1_148' title='bbox 1066 1964 1116 2024; x_wconf 78' lang='grc' dir='ltr'>καὶ</span> <span class='ocrx_word' id='word_1_149' title='bbox 1132 1962 1270 2045; x_wconf 79' lang='grc' dir='ltr'><em>ε’πιτιμή-</em></span> <span class='ocrx_word' id='word_1_150' title='bbox 1285 1973 1311 2029; x_wconf 84' lang='grc' dir='ltr'>Ι)</span> 
     </span>
     <span class='ocr_line' id='line_1_17' title="bbox 179 2056 1271 2159; baseline -0.002 -28"><span class='ocrx_word' id='word_1_151' title='bbox 179 2091 236 2142; x_wconf 86' lang='grc' dir='ltr'><em>σας</em></span> <span class='ocrx_word' id='word_1_152' title='bbox 254 2062 377 2150; x_wconf 81' lang='grc' dir='ltr'>παρῄνει</span> <span class='ocrx_word' id='word_1_153' title='bbox 399 2070 494 2147; x_wconf 80' lang='grc' dir='ltr'><em>σιγᾶν.</em></span> <span class='ocrx_word' id='word_1_154' title='bbox 544 2062 623 2129; x_wconf 72' lang='grc' dir='ltr'><em>οὕτω</em></span> <span class='ocrx_word' id='word_1_155' title='bbox 637 2065 692 2145; x_wconf 76' lang='grc' dir='ltr'><em>μὲν</em></span> <span class='ocrx_word' id='word_1_156' title='bbox 708 2056 761 2127; x_wconf 72' lang='grc' dir='ltr'><em>οὖν</em></span> <span class='ocrx_word' id='word_1_157' title='bbox 777 2065 816 2128; x_wconf 80' lang='lat' dir='ltr'>sd</span> <span class='ocrx_word' id='word_1_158' title='bbox 831 2061 974 2159; x_wconf 79' lang='grc' dir='ltr'><em>ὁράματα</em></span> <span class='ocrx_word' id='word_1_159' title='bbox 990 2062 1113 2149; x_wconf 73' lang='grc' dir='ltr'><em>ἀμυδρὰ</em></span> <span class='ocrx_word' id='word_1_160' title='bbox 1128 2071 1182 2144; x_wconf 84' lang='grc' dir='ltr'><em>τῆς</em></span> <span class='ocrx_word' id='word_1_161' title='bbox 1194 2066 1271 2147; x_wconf 79' lang='grc' dir='ltr'><em>ἀλη-</em></span> 
     </span>
     <span class='ocr_line' id='line_1_18' title="bbox 180 2157 1335 2254; baseline -0.003 -19"><span class='ocrx_word' id='word_1_162' title='bbox 180 2172 268 2243; x_wconf 86' lang='grc' dir='ltr'><em>θείας</em></span> <span class='ocrx_word' id='word_1_163' title='bbox 287 2164 479 2252; x_wconf 76' lang='grc' dir='ltr'><em>προτίπωσις</em></span> <span class='ocrx_word' id='word_1_164' title='bbox 498 2157 555 2249; x_wconf 76' lang='grc' dir='ltr'><em>ἦν·</em></span> <span class='ocrx_word' id='word_1_165' title='bbox 581 2170 632 2231; x_wconf 83' lang='grc' dir='ltr'>καὶ</span> <span class='ocrx_word' id='word_1_166' title='bbox 657 2166 716 2251; x_wconf 74' lang='grc' dir='ltr'>γὰρ</span> <span class='ocrx_word' id='word_1_167' title='bbox 738 2174 829 2232; x_wconf 75' lang='grc' dir='ltr'><em>τοῦτο</em></span> <span class='ocrx_word' id='word_1_168' title='bbox 848 2170 1034 2254; x_wconf 73' lang='grc' dir='ltr'><em>προφητείας</em></span> <span class='ocrx_word' id='word_1_169' title='bbox 1054 2164 1149 2247; x_wconf 60' lang='lat' dir='ltr'>ridor,</span> <span class='ocrx_word' id='word_1_170' title='bbox 1175 2172 1225 2233; x_wconf 82' lang='grc' dir='ltr'>καλ</span> <span class='ocrx_word' id='word_1_171' title='bbox 1241 2172 1274 2234; x_wconf 84' lang='grc' dir='ltr'><em>ίν</em></span> <span class='ocrx_word' id='word_1_172' title='bbox 1329 2178 1335 2187; x_wconf 96' lang='grc'>’</span> 
     </span>
     <span class='ocr_line' id='line_1_19' title="bbox 177 2267 1273 2359; baseline 0.001 -22"><span class='ocrx_word' id='word_1_173' title='bbox 177 2277 300 2347; x_wconf 78' lang='grc' dir='ltr'>πολλοῖς</span> <span class='ocrx_word' id='word_1_174' title='bbox 321 2268 484 2356; x_wconf 74' lang='grc' dir='ltr'><em>ἔθεωρήθη</em></span> <span class='ocrx_word' id='word_1_175' title='bbox 507 2268 652 2346; x_wconf 82' lang='grc' dir='ltr'>πολλάκις</span> <span class='ocrx_word' id='word_1_176' title='bbox 676 2268 720 2333; x_wconf 79' lang='lat' dir='ltr'>ds’</span> <span class='ocrx_word' id='word_1_177' title='bbox 743 2271 865 2356; x_wconf 82' lang='grc' dir='ltr'><em>ὀνείρων</em></span> <span class='ocrx_word' id='word_1_178' title='bbox 889 2267 910 2355; x_wconf 77' lang='grc' dir='ltr'><strong><em>ἦ</em></strong></span> <span class='ocrx_word' id='word_1_179' title='bbox 932 2277 987 2335; x_wconf 76' lang='grc' dir='ltr'>τοῦ</span> <span class='ocrx_word' id='word_1_180' title='bbox 1011 2272 1174 2353; x_wconf 79' lang='grc' dir='ltr'><em>μέλλοντος</em></span> <span class='ocrx_word' id='word_1_181' title='bbox 1195 2298 1273 2359; x_wconf 89' lang='grc' dir='ltr'><em>προ-</em></span> 
     </span>
     <span class='ocr_line' id='line_1_20' title="bbox 178 2370 1275 2465; baseline 0.002 -25"><span class='ocrx_word' id='word_1_182' title='bbox 178 2373 326 2457; x_wconf 77' lang='grc' dir='ltr'><em>δήλωσις,</em></span> <span class='ocrx_word' id='word_1_183' title='bbox 358 2374 390 2437; x_wconf 78' lang='grc' dir='ltr'><em>ίν</em></span> <span class='ocrx_word' id='word_1_184' title='bbox 414 2370 460 2449; x_wconf 80' lang='grc' dir='ltr'><em>οἷς</em></span> <span class='ocrx_word' id='word_1_185' title='bbox 482 2372 534 2437; x_wconf 79' lang='grc' dir='ltr'><em>διὰ</em></span> <span class='ocrx_word' id='word_1_186' title='bbox 556 2376 723 2456; x_wconf 87' lang='grc' dir='ltr'><em>κρείττονος</em></span> <span class='ocrx_word' id='word_1_187' title='bbox 746 2376 858 2457; x_wconf 73' lang='grc' dir='ltr'><em>γίνεται</em></span> <span class='ocrx_word' id='word_1_188' title='bbox 883 2380 1031 2456; x_wconf 82' lang='grc' dir='ltr'><em>κατοχῆς,</em></span> <span class='ocrx_word' id='word_1_189' title='bbox 1056 2371 1157 2461; x_wconf 81' lang='grc' dir='ltr'><em>ὥσπερ</em></span> <span class='ocrx_word' id='word_1_190' title='bbox 1178 2376 1210 2439; x_wconf 79' lang='grc' dir='ltr'><em>ἒν</em></span> <span class='ocrx_word' id='word_1_191' title='bbox 1229 2380 1275 2465; x_wconf 72' lang='grc' dir='ltr'>τῷ</span> 
     </span>
     <span class='ocr_line' id='line_1_21' title="bbox 135 2474 1073 2563; baseline -0.005 -19"><span class='ocrx_word' id='word_1_192' title='bbox 135 2490 171 2544; x_wconf 78' lang='lat'>2⁰</span> <span class='ocrx_word' id='word_1_193' title='bbox 181 2476 300 2563; x_wconf 79' lang='grc' dir='ltr'><em>Φαραὼ</em></span> <span class='ocrx_word' id='word_1_194' title='bbox 315 2478 365 2540; x_wconf 81' lang='grc' dir='ltr'>καλ</span> <span class='ocrx_word' id='word_1_195' title='bbox 382 2482 426 2561; x_wconf 81' lang='grc' dir='ltr'>τῷ</span> <span class='ocrx_word' id='word_1_196' title='bbox 440 2475 717 2562; x_wconf 73' lang='grc' dir='ltr'><em>Ναβοιιχοὸονσσόρ</em></span> <span class='ocrx_word' id='word_1_197' title='bbox 733 2479 783 2540; x_wconf 81' lang='grc' dir='ltr'>καί</span> <span class='ocrx_word' id='word_1_198' title='bbox 799 2474 902 2554; x_wconf 75' lang='grc' dir='ltr'><em>ἄλλοις</em></span> <span class='ocrx_word' id='word_1_199' title='bbox 915 2480 1073 2552; x_wconf 87' lang='grc' dir='ltr'><em>πλείστοις.</em></span> 
     </span>
     <span class='ocr_line' id='line_1_22' title="bbox 272 2575 1273 2667; baseline 0.001 -24"><span class='ocrx_word' id='word_1_200' title='bbox 272 2578 370 2656; x_wconf 77' lang='grc' dir='ltr'><em>Ἄξιον</em></span> <span class='ocrx_word' id='word_1_201' title='bbox 385 2579 418 2642; x_wconf 66' lang='lat' dir='ltr'>ds*</span> <span class='ocrx_word' id='word_1_202' title='bbox 432 2581 538 2643; x_wconf 78' lang='grc' dir='ltr'><em>είδίναι</em></span> <span class='ocrx_word' id='word_1_203' title='bbox 553 2578 609 2655; x_wconf 78' lang='grc' dir='ltr'><em>τὰς</em></span> <span class='ocrx_word' id='word_1_204' title='bbox 624 2578 777 2666; x_wconf 72' lang='grc' dir='ltr'><em>διαφορὰς</em></span> <span class='ocrx_word' id='word_1_205' title='bbox 791 2587 851 2644; x_wconf 82' lang='grc' dir='ltr'><em>τῶν</em></span> <span class='ocrx_word' id='word_1_206' title='bbox 865 2586 1065 2667; x_wconf 81' lang='grc' dir='ltr'><em>προφητειῶν.</em></span> <span class='ocrx_word' id='word_1_207' title='bbox 1116 2575 1203 2661; x_wconf 70' lang='grc' dir='ltr'><em>ἦμέν</em></span> <span class='ocrx_word' id='word_1_208' title='bbox 1214 2576 1273 2667; x_wconf 79' lang='grc' dir='ltr'>γάρ</span> 
     </span>
     <span class='ocr_line' id='line_1_23' title="bbox 176 2679 1274 2769; baseline 0.003 -23"><span class='ocrx_word' id='word_1_209' title='bbox 176 2684 239 2747; x_wconf 75' lang='grc' dir='ltr'><em>ἔστι</em></span> <span class='ocrx_word' id='word_1_210' title='bbox 251 2682 435 2767; x_wconf 80' lang='grc' dir='ltr'><em>πνευματικὴ</em></span> <span class='ocrx_word' id='word_1_211' title='bbox 448 2684 497 2747; x_wconf 79' lang='grc' dir='ltr'>καὶ</span> <span class='ocrx_word' id='word_1_212' title='bbox 512 2681 633 2765; x_wconf 80' lang='grc' dir='ltr'><em>ἀληθὴς</em></span> <span class='ocrx_word' id='word_1_213' title='bbox 649 2681 762 2769; x_wconf 78' lang='grc' dir='ltr'><em>πάντη,</em></span> <span class='ocrx_word' id='word_1_214' title='bbox 789 2679 861 2766; x_wconf 60' lang='lat' dir='ltr'>eisd</span> <span class='ocrx_word' id='word_1_215' title='bbox 875 2690 929 2748; x_wconf 80' lang='grc' dir='ltr'>τοῦ</span> <span class='ocrx_word' id='word_1_216' title='bbox 946 2688 1023 2747; x_wconf 81' lang='grc' dir='ltr'><em>θεοῦ</em></span> <span class='ocrx_word' id='word_1_217' title='bbox 1035 2683 1086 2745; x_wconf 84' lang='grc' dir='ltr'>καλ</span> <span class='ocrx_word' id='word_1_218' title='bbox 1098 2688 1159 2747; x_wconf 78' lang='grc' dir='ltr'><em>τῶν</em></span> <span class='ocrx_word' id='word_1_219' title='bbox 1172 2679 1274 2767; x_wconf 73' lang='grc' dir='ltr'><em>ἁγίων,</em></span> 
     </span>
    </p>
   </div>
   <div class='ocr_carea' id='block_1_3' title="bbox 172 2877 1274 3121">
    <p class='ocr_par' dir='ltr' id='par_1_3' title="bbox 172 2877 1274 3121">
     <span class='ocr_line' id='line_1_24' title="bbox 172 2877 1274 2982; baseline 0.001 -13"><span class='ocrx_word' id='word_1_220' title='bbox 172 2912 310 2969; x_wconf 76' lang='lat' dir='ltr'>libidinem</span> <span class='ocrx_word' id='word_1_221' title='bbox 323 2928 485 2982; x_wconf 86' lang='lat' dir='ltr'>nequaqnam</span> <span class='ocrx_word' id='word_1_222' title='bbox 502 2877 689 2967; x_wconf 79' lang='lat' dir='ltr'>consensisset.</span> <span class='ocrx_word' id='word_1_223' title='bbox 724 2911 844 2981; x_wconf 80' lang='lat' dir='ltr'>quamvis</span> <span class='ocrx_word' id='word_1_224' title='bbox 857 2909 935 2964; x_wconf 87' lang='lat' dir='ltr'>etiam</span> <span class='ocrx_word' id='word_1_225' title='bbox 949 2910 1047 2964; x_wconf 70' lang='lat' dir='ltr'>strues</span> <span class='ocrx_word' id='word_1_226' title='bbox 1059 2930 1166 2967; x_wconf 85' lang='lat' dir='ltr'>numero</span> <span class='ocrx_word' id='word_1_227' title='bbox 1182 2914 1274 2970; x_wconf 90' lang='lat' dir='ltr'>decem</span> 
     </span>
     <span class='ocr_line' id='line_1_25' title="bbox 176 2979 1272 3054; baseline 0.003 -17"><span class='ocrx_word' id='word_1_228' title='bbox 176 3000 209 3037; x_wconf 81' lang='lat' dir='ltr'>ac</span> <span class='ocrx_word' id='word_1_229' title='bbox 225 2992 280 3036; x_wconf 80' lang='lat' dir='ltr'>tren</span> <span class='ocrx_word' id='word_1_230' title='bbox 297 2982 417 3050; x_wconf 79' lang='lat' dir='ltr'>fuerunt,</span> <span class='ocrx_word' id='word_1_231' title='bbox 442 2992 527 3035; x_wconf 89' lang='lat' dir='ltr'>tamen</span> <span class='ocrx_word' id='word_1_232' title='bbox 544 2992 618 3036; x_wconf 88' lang='lat' dir='ltr'>terra</span> <span class='ocrx_word' id='word_1_233' title='bbox 633 2982 704 3035; x_wconf 88' lang='lat' dir='ltr'>inter</span> <span class='ocrx_word' id='word_1_234' title='bbox 721 2982 857 3036; x_wconf 82' lang='lat' dir='ltr'>duodecim</span> <span class='ocrx_word' id='word_1_235' title='bbox 873 2979 960 3035; x_wconf 82' lang='lat' dir='ltr'>divisa</span> <span class='ocrx_word' id='word_1_236' title='bbox 977 2989 1032 3051; x_wconf 86' lang='lat' dir='ltr'>est,</span> <span class='ocrx_word' id='word_1_237' title='bbox 1057 3001 1088 3035; x_wconf 91' lang='lat' dir='ltr'>eo</span> <span class='ocrx_word' id='word_1_238' title='bbox 1105 2986 1177 3054; x_wconf 91' lang='lat' dir='ltr'>quod</span> <span class='ocrx_word' id='word_1_239' title='bbox 1193 3002 1210 3039; x_wconf 82' lang='lat' dir='ltr'>s</span> <span class='ocrx_word' id='word_1_240' title='bbox 1227 3003 1272 3039; x_wconf 81' lang='lat' dir='ltr'>cs·</span> 
     </span>
     <span class='ocr_line' id='line_1_26' title="bbox 175 3050 762 3121; baseline -0.003 -14"><span class='ocrx_word' id='word_1_241' title='bbox 175 3052 242 3107; x_wconf 76' lang='lat' dir='ltr'>teri·</span> <span class='ocrx_word' id='word_1_242' title='bbox 258 3052 376 3105; x_wconf 85' lang='lat' dir='ltr'>omnibus</span> <span class='ocrx_word' id='word_1_243' title='bbox 391 3050 472 3106; x_wconf 84' lang='lat' dir='ltr'>Levis</span> <span class='ocrx_word' id='word_1_244' title='bbox 488 3052 602 3112; x_wconf 79' lang='lat' dir='ltr'>decimas</span> <span class='ocrx_word' id='word_1_245' title='bbox 618 3050 762 3121; x_wconf 81' lang='lat' dir='ltr'>acciperet.</span> 
     </span>
    </p>
   </div>
   <div class='ocr_carea' id='block_1_4' title="bbox 174 3153 1276 4123">
    <p class='ocr_par' dir='ltr' id='par_1_4' title="bbox 174 3153 1276 4123">
     <span class='ocr_line' id='line_1_27' title="bbox 245 3153 1272 3238; baseline 0.001 -30"><span class='ocrx_word' id='word_1_246' title='bbox 245 3153 460 3208; x_wconf 80' lang='lat' dir='ltr'>Adolescentniua</span> <span class='ocrx_word' id='word_1_247' title='bbox 486 3156 625 3209; x_wconf 78' lang='lat' dir='ltr'>etiamnum</span> <span class='ocrx_word' id='word_1_248' title='bbox 647 3154 775 3227; x_wconf 83' lang='lat' dir='ltr'>iosephne</span> <span class='ocrx_word' id='word_1_249' title='bbox 800 3171 864 3209; x_wconf 84' lang='lat' dir='ltr'>oves</span> <span class='ocrx_word' id='word_1_250' title='bbox 886 3154 971 3224; x_wconf 82' lang='lat' dir='ltr'>patris</span> <span class='ocrx_word' id='word_1_251' title='bbox 991 3155 1134 3238; x_wconf 70' lang='lat' dir='ltr'>pascebet3</span> <span class='ocrx_word' id='word_1_252' title='bbox 1161 3170 1272 3225; x_wconf 85' lang='lat' dir='ltr'>comque</span> 
     </span>
     <span class='ocr_line' id='line_1_28' title="bbox 176 3222 1273 3295; baseline -0.001 -18"><span class='ocrx_word' id='word_1_253' title='bbox 176 3241 236 3277; x_wconf 88' lang='lat' dir='ltr'>enm</span> <span class='ocrx_word' id='word_1_254' title='bbox 252 3231 328 3294; x_wconf 86' lang='lat' dir='ltr'>pater</span> <span class='ocrx_word' id='word_1_255' title='bbox 345 3222 452 3293; x_wconf 87' lang='lat' dir='ltr'>reliquia</span> <span class='ocrx_word' id='word_1_256' title='bbox 476 3224 618 3295; x_wconf 86' lang='lat' dir='ltr'>impensius</span> <span class='ocrx_word' id='word_1_257' title='bbox 636 3224 774 3293; x_wconf 79' lang='lat' dir='ltr'>diligeret,</span> <span class='ocrx_word' id='word_1_258' title='bbox 801 3225 898 3277; x_wconf 81' lang='lat' dir='ltr'>iratres</span> <span class='ocrx_word' id='word_1_259' title='bbox 914 3224 1017 3275; x_wconf 80' lang='lat' dir='ltr'>invidus</span> <span class='ocrx_word' id='word_1_260' title='bbox 1033 3224 1129 3293; x_wconf 81' lang='lat' dir='ltr'>perciti</span> <span class='ocrx_word' id='word_1_261' title='bbox 1146 3224 1273 3277; x_wconf 82' lang='lat' dir='ltr'>adversus</span> 
     </span>
     <span class='ocr_line' id='line_1_29' title="bbox 175 3291 1273 3347; baseline -0.003 -1"><span class='ocrx_word' id='word_1_262' title='bbox 175 3310 234 3346; x_wconf 89' lang='lat' dir='ltr'>eum</span> <span class='ocrx_word' id='word_1_263' title='bbox 254 3292 398 3347; x_wconf 83' lang='lat' dir='ltr'>simultates</span> <span class='ocrx_word' id='word_1_264' title='bbox 416 3303 599 3347; x_wconf 82' lang='lat' dir='ltr'>exercuerunt.</span> <span class='ocrx_word' id='word_1_265' title='bbox 634 3294 707 3347; x_wconf 83' lang='lat' dir='ltr'>auxit</span> <span class='ocrx_word' id='word_1_266' title='bbox 723 3294 810 3346; x_wconf 90' lang='lat' dir='ltr'>odinm</span> <span class='ocrx_word' id='word_1_267' title='bbox 827 3294 1011 3345; x_wconf 74' lang='lat' dir='ltr'>insomniorum</span> <span class='ocrx_word' id='word_1_268' title='bbox 1029 3291 1139 3344; x_wconf 76' lang='lat' dir='ltr'>auditio.</span> <span class='ocrx_word' id='word_1_269' title='bbox 1174 3292 1273 3344; x_wconf 81' lang='lat' dir='ltr'>recite-</span> 
     </span>
     <span class='ocr_line' id='line_1_30' title="bbox 175 3360 1272 3431; baseline -0.004 -16"><span class='ocrx_word' id='word_1_270' title='bbox 175 3368 253 3415; x_wconf 74' lang='lat' dir='ltr'>verat</span> <span class='ocrx_word' id='word_1_271' title='bbox 269 3361 336 3415; x_wconf 83' lang='lat' dir='ltr'>enim</span> <span class='ocrx_word' id='word_1_272' title='bbox 356 3362 395 3415; x_wconf 89' lang='lat' dir='ltr'>eis</span> <span class='ocrx_word' id='word_1_273' title='bbox 416 3361 500 3415; x_wconf 78' lang='lat' dir='ltr'>nisum</span> <span class='ocrx_word' id='word_1_274' title='bbox 521 3363 588 3431; x_wconf 86' lang='lat' dir='ltr'>sibi,</span> <span class='ocrx_word' id='word_1_275' title='bbox 613 3362 679 3431; x_wconf 85' lang='lat' dir='ltr'>ipsis</span> <span class='ocrx_word' id='word_1_276' title='bbox 697 3361 844 3431; x_wconf 88' lang='lat' dir='ltr'>manipulos</span> <span class='ocrx_word' id='word_1_277' title='bbox 862 3360 1047 3427; x_wconf 78' lang='lat' dir='ltr'>cottigantibae</span> <span class='ocrx_word' id='word_1_278' title='bbox 1062 3376 1135 3411; x_wconf 86' lang='lat' dir='ltr'>suurn</span> <span class='ocrx_word' id='word_1_279' title='bbox 1153 3360 1272 3429; x_wconf 87' lang='lat' dir='ltr'>manipu-</span> 
     </span>
     <span class='ocr_line' id='line_1_31' title="bbox 175 3427 1275 3501; baseline -0.005 -15"><span class='ocrx_word' id='word_1_280' title='bbox 175 3432 227 3486; x_wconf 86' lang='lat' dir='ltr'>lum</span> <span class='ocrx_word' id='word_1_281' title='bbox 245 3448 304 3484; x_wconf 84' lang='lat' dir='ltr'>sese</span> <span class='ocrx_word' id='word_1_282' title='bbox 322 3432 454 3497; x_wconf 83' lang='lat' dir='ltr'>erexisse,</span> <span class='ocrx_word' id='word_1_283' title='bbox 478 3430 649 3501; x_wconf 84' lang='lat' dir='ltr'>reliquosque</span> <span class='ocrx_word' id='word_1_284' title='bbox 670 3430 726 3483; x_wconf 88' lang='lat' dir='ltr'>eins</span> <span class='ocrx_word' id='word_1_285' title='bbox 749 3428 897 3482; x_wconf 84' lang='lat' dir='ltr'>honorandi</span> <span class='ocrx_word' id='word_1_286' title='bbox 919 3444 999 3479; x_wconf 88' lang='lat' dir='ltr'>causa</span> <span class='ocrx_word' id='word_1_287' title='bbox 1014 3427 1160 3497; x_wconf 87' lang='lat' dir='ltr'>manipulos</span> <span class='ocrx_word' id='word_1_288' title='bbox 1177 3446 1275 3499; x_wconf 87' lang='lat' dir='ltr'>pronos</span> 
     </span>
     <span class='ocr_line' id='line_1_32' title="bbox 175 3495 1273 3585; baseline -0.003 -32"><span class='ocrx_word' id='word_1_289' title='bbox 175 3500 357 3585; x_wconf 77' lang='lat' dir='ltr'>procubuisse.</span> <span class='ocrx_word' id='word_1_290' title='bbox 392 3501 463 3553; x_wconf 91' lang='lat' dir='ltr'>unde</span> <span class='ocrx_word' id='word_1_291' title='bbox 482 3500 579 3553; x_wconf 75' lang='lat' dir='ltr'>fratres</span> <span class='ocrx_word' id='word_1_292' title='bbox 598 3500 625 3552; x_wconf 92' lang='lat' dir='ltr'>id</span> <span class='ocrx_word' id='word_1_293' title='bbox 643 3501 713 3568; x_wconf 90' lang='lat' dir='ltr'>qnod</span> <span class='ocrx_word' id='word_1_294' title='bbox 728 3516 772 3551; x_wconf 87' lang='lat' dir='ltr'>raa</span> <span class='ocrx_word' id='word_1_295' title='bbox 790 3498 842 3550; x_wconf 85' lang='lat' dir='ltr'>init</span> <span class='ocrx_word' id='word_1_296' title='bbox 858 3495 1043 3566; x_wconf 87' lang='lat' dir='ltr'>coniicieutea,</span> <span class='ocrx_word' id='word_1_297' title='bbox 1068 3497 1183 3549; x_wconf 88' lang='lat' dir='ltr'>illumin</span> <span class='ocrx_word' id='word_1_298' title='bbox 1200 3498 1273 3567; x_wconf 77' lang='lat' dir='ltr'>ipsos</span> 
     </span>
     <span class='ocr_line' id='line_1_33' title="bbox 175 3564 1274 3640; baseline -0.003 -17"><span class='ocrx_word' id='word_1_299' title='bbox 175 3570 311 3640; x_wconf 75' lang='lat' dir='ltr'>imperium</span> <span class='ocrx_word' id='word_1_300' title='bbox 330 3569 469 3639; x_wconf 77' lang='lat' dir='ltr'>aliquando</span> <span class='ocrx_word' id='word_1_301' title='bbox 486 3568 650 3633; x_wconf 80' lang='lat' dir='ltr'>habiturum,</span> <span class='ocrx_word' id='word_1_302' title='bbox 673 3564 752 3620; x_wconf 89' lang='lat' dir='ltr'>multo</span> <span class='ocrx_word' id='word_1_303' title='bbox 769 3565 950 3619; x_wconf 81' lang='lat' dir='ltr'>vehementius</span> <span class='ocrx_word' id='word_1_304' title='bbox 968 3566 1053 3619; x_wconf 90' lang='lat' dir='ltr'>odium</span> <span class='ocrx_word' id='word_1_305' title='bbox 1071 3567 1197 3621; x_wconf 82' lang='lat' dir='ltr'>adversus</span> <span class='ocrx_word' id='word_1_306' title='bbox 1216 3582 1274 3620; x_wconf 88' lang='lat' dir='ltr'>enm</span> 
     </span>
     <span class='ocr_line' id='line_1_34' title="bbox 175 3635 1275 3708; baseline -0.002 -16"><span class='ocrx_word' id='word_1_307' title='bbox 175 3646 362 3708; x_wconf 83' lang='lat' dir='ltr'>conceperunt.</span> <span class='ocrx_word' id='word_1_308' title='bbox 406 3638 507 3691; x_wconf 89' lang='lat' dir='ltr'>addidit</span> <span class='ocrx_word' id='word_1_309' title='bbox 524 3638 574 3691; x_wconf 85' lang='lat' dir='ltr'>hoc</span> <span class='ocrx_word' id='word_1_310' title='bbox 589 3635 673 3705; x_wconf 83' lang='lat' dir='ltr'>priori</span> <span class='ocrx_word' id='word_1_311' title='bbox 691 3635 836 3704; x_wconf 73' lang='lat' dir='ltr'>Iosephus,</span> <span class='ocrx_word' id='word_1_312' title='bbox 862 3652 892 3688; x_wconf 89' lang='lat' dir='ltr'>se</span> <span class='ocrx_word' id='word_1_313' title='bbox 911 3653 960 3705; x_wconf 81' lang='lat' dir='ltr'>per</span> <span class='ocrx_word' id='word_1_314' title='bbox 975 3636 1089 3707; x_wconf 87' lang='lat' dir='ltr'>quietem</span> <span class='ocrx_word' id='word_1_315' title='bbox 1106 3636 1275 3704; x_wconf 80' lang='lat' dir='ltr'>imaginatum</span> 
     </span>
     <span class='ocr_line' id='line_1_35' title="bbox 175 3703 1276 3775; baseline -0.003 -12"><span class='ocrx_word' id='word_1_316' title='bbox 175 3710 258 3763; x_wconf 79' lang='lat' dir='ltr'>fuisse</span> <span class='ocrx_word' id='word_1_317' title='bbox 281 3726 298 3761; x_wconf 80' lang='lat' dir='ltr'>a</span> <span class='ocrx_word' id='word_1_318' title='bbox 321 3706 377 3761; x_wconf 86' lang='lat' dir='ltr'>acle</span> <span class='ocrx_word' id='word_1_319' title='bbox 400 3706 462 3759; x_wconf 83' lang='lat' dir='ltr'>luna</span> <span class='ocrx_word' id='word_1_320' title='bbox 487 3705 659 3775; x_wconf 86' lang='lat' dir='ltr'>undecimque</span> <span class='ocrx_word' id='word_1_321' title='bbox 682 3703 764 3758; x_wconf 85' lang='lat' dir='ltr'>stellis</span> <span class='ocrx_word' id='word_1_322' title='bbox 781 3722 811 3758; x_wconf 88' lang='lat' dir='ltr'>se</span> <span class='ocrx_word' id='word_1_323' title='bbox 829 3704 943 3758; x_wconf 87' lang='lat' dir='ltr'>adorari.</span> <span class='ocrx_word' id='word_1_324' title='bbox 977 3707 1060 3759; x_wconf 84' lang='lat' dir='ltr'>vertit</span> <span class='ocrx_word' id='word_1_325' title='bbox 1078 3707 1128 3757; x_wconf 88' lang='lat' dir='ltr'>hoc</span> <span class='ocrx_word' id='word_1_326' title='bbox 1145 3704 1173 3757; x_wconf 90' lang='lat' dir='ltr'>in</span> <span class='ocrx_word' id='word_1_327' title='bbox 1190 3706 1276 3760; x_wconf 87' lang='lat' dir='ltr'>iocum</span> 
     </span>
     <span class='ocr_line' id='line_1_36' title="bbox 175 3770 1276 3858; baseline -0.003 -28"><span class='ocrx_word' id='word_1_328' title='bbox 175 3788 269 3849; x_wconf 86' lang='lat' dir='ltr'>pater,</span> <span class='ocrx_word' id='word_1_329' title='bbox 295 3776 420 3846; x_wconf 88' lang='lat' dir='ltr'>dictoque</span> <span class='ocrx_word' id='word_1_330' title='bbox 443 3770 581 3830; x_wconf 83' lang='lat' dir='ltr'>“numnam</span> <span class='ocrx_word' id='word_1_331' title='bbox 598 3792 661 3843; x_wconf 84' lang='lat' dir='ltr'>ergo</span> <span class='ocrx_word' id='word_1_332' title='bbox 681 3774 739 3845; x_wconf 85' lang='lat' dir='ltr'>ipsa</span> <span class='ocrx_word' id='word_1_333' title='bbox 758 3783 786 3828; x_wconf 87' lang='lat' dir='ltr'>et</span> <span class='ocrx_word' id='word_1_334' title='bbox 802 3784 885 3829; x_wconf 82' lang='lat' dir='ltr'>mater</span> <span class='ocrx_word' id='word_1_335' title='bbox 897 3784 943 3829; x_wconf 84' lang='lat' dir='ltr'>tua</span> <span class='ocrx_word' id='word_1_336' title='bbox 955 3774 1104 3845; x_wconf 70' lang='lat' dir='ltr'>frameaque</span> <span class='ocrx_word' id='word_1_337' title='bbox 1117 3772 1157 3827; x_wconf 89' lang='lat' dir='ltr'>tui</span> <span class='ocrx_word' id='word_1_338' title='bbox 1170 3786 1199 3829; x_wconf 88' lang='lat' dir='ltr'>te</span> <span class='ocrx_word' id='word_1_339' title='bbox 1211 3794 1276 3858; x_wconf 80' lang='lat' dir='ltr'>pro-</span> 
     </span>
     <span class='ocr_line' id='line_1_37' title="bbox 175 3839 1276 3913; baseline -0.001 -14"><span class='ocrx_word' id='word_1_340' title='bbox 175 3846 268 3900; x_wconf 86' lang='lat' dir='ltr'>stratis</span> <span class='ocrx_word' id='word_1_341' title='bbox 294 3858 389 3899; x_wconf 85' lang='lat' dir='ltr'>terram</span> <span class='ocrx_word' id='word_1_342' title='bbox 415 3846 569 3913; x_wconf 87' lang='lat' dir='ltr'>corporibus</span> <span class='ocrx_word' id='word_1_343' title='bbox 594 3846 728 3898; x_wconf 84' lang='lat' dir='ltr'>adoratum</span> <span class='ocrx_word' id='word_1_344' title='bbox 751 3839 956 3899; x_wconf 74' lang='lat' dir='ltr'>inveniemusi”</span> <span class='ocrx_word' id='word_1_345' title='bbox 1009 3845 1173 3911; x_wconf 79' lang='lat' dir='ltr'>obiurgatnm</span> <span class='ocrx_word' id='word_1_346' title='bbox 1195 3845 1276 3898; x_wconf 76' lang='lat' dir='ltr'>silere</span> 
     </span>
     <span class='ocr_line' id='line_1_38' title="bbox 175 3914 1275 3985; baseline -0.004 -16"><span class='ocrx_word' id='word_1_347' title='bbox 175 3914 263 3969; x_wconf 83' lang='lat' dir='ltr'>iussit.</span> <span class='ocrx_word' id='word_1_348' title='bbox 299 3914 337 3983; x_wconf 77' lang='lat' dir='ltr'>its</span> <span class='ocrx_word' id='word_1_349' title='bbox 363 3932 426 3984; x_wconf 80' lang='lat' dir='ltr'>ergo</span> <span class='ocrx_word' id='word_1_350' title='bbox 450 3914 566 3967; x_wconf 78' lang='lat' dir='ltr'>visiones</span> <span class='ocrx_word' id='word_1_351' title='bbox 591 3914 658 3968; x_wconf 89' lang='lat' dir='ltr'>istae</span> <span class='ocrx_word' id='word_1_352' title='bbox 684 3916 795 3968; x_wconf 85' lang='lat' dir='ltr'>obscura</span> <span class='ocrx_word' id='word_1_353' title='bbox 818 3916 944 3985; x_wconf 89' lang='lat' dir='ltr'>quaedam</span> <span class='ocrx_word' id='word_1_354' title='bbox 968 3922 1045 3966; x_wconf 86' lang='lat' dir='ltr'>erant</span> <span class='ocrx_word' id='word_1_355' title='bbox 1069 3914 1206 3966; x_wconf 81' lang='lat' dir='ltr'>veritatem</span> <span class='ocrx_word' id='word_1_356' title='bbox 1225 3914 1275 3966; x_wconf 88' lang='lat' dir='ltr'>aii-</span> 
     </span>
     <span class='ocr_line' id='line_1_39' title="bbox 175 3981 1276 4067; baseline -0.003 -30"><span class='ocrx_word' id='word_1_357' title='bbox 175 3993 274 4067; x_wconf 79' lang='lat' dir='ltr'>quanto</span> <span class='ocrx_word' id='word_1_358' title='bbox 290 3992 351 4043; x_wconf 84' lang='lat' dir='ltr'>ante</span> <span class='ocrx_word' id='word_1_359' title='bbox 367 3984 508 4054; x_wconf 76' lang='lat' dir='ltr'>designans</span> <span class='ocrx_word' id='word_1_360' title='bbox 524 3983 684 4037; x_wconf 78' lang='lat' dir='ltr'>informatio.</span> <span class='ocrx_word' id='word_1_361' title='bbox 719 4002 776 4037; x_wconf 91' lang='lat' dir='ltr'>nam</span> <span class='ocrx_word' id='word_1_362' title='bbox 793 3991 821 4037; x_wconf 88' lang='lat' dir='ltr'>et</span> <span class='ocrx_word' id='word_1_363' title='bbox 836 3984 884 4037; x_wconf 86' lang='lat' dir='ltr'>hoc</span> <span class='ocrx_word' id='word_1_364' title='bbox 898 3981 1019 4036; x_wconf 81' lang='lat' dir='ltr'>vaticinii</span> <span class='ocrx_word' id='word_1_365' title='bbox 1038 3989 1079 4034; x_wconf 85' lang='lat' dir='ltr'>est</span> <span class='ocrx_word' id='word_1_366' title='bbox 1095 4000 1189 4051; x_wconf 83' lang='lat' dir='ltr'>genus,</span> <span class='ocrx_word' id='word_1_367' title='bbox 1208 3983 1276 4035; x_wconf 80' lang='lat' dir='ltr'>mul-</span> 
     </span>
     <span class='ocr_line' id='line_1_40' title="bbox 174 4052 1274 4123; baseline -0.002 -16"><span class='ocrx_word' id='word_1_368' title='bbox 174 4062 262 4123; x_wconf 78' lang='lat' dir='ltr'>usque</span> <span class='ocrx_word' id='word_1_369' title='bbox 278 4062 488 4122; x_wconf 84' lang='lat' dir='ltr'>praemonstrata</span> <span class='ocrx_word' id='word_1_370' title='bbox 505 4061 547 4107; x_wconf 85' lang='lat' dir='ltr'>est</span> <span class='ocrx_word' id='word_1_371' title='bbox 563 4053 698 4107; x_wconf 82' lang='lat' dir='ltr'>insomniis</span> <span class='ocrx_word' id='word_1_372' title='bbox 714 4054 861 4107; x_wconf 81' lang='lat' dir='ltr'>futurorum</span> <span class='ocrx_word' id='word_1_373' title='bbox 874 4052 1048 4121; x_wconf 75' lang='lat' dir='ltr'>significatio,</span> <span class='ocrx_word' id='word_1_374' title='bbox 1066 4068 1133 4120; x_wconf 82' lang='lat' dir='ltr'>qnae</span> <span class='ocrx_word' id='word_1_375' title='bbox 1144 4052 1274 4105; x_wconf 80' lang='lat' dir='ltr'>insomnia</span> 
     </span>
    </p>
   </div>
   <div class='ocr_carea' id='block_1_5' title="bbox 174 4113 1272 4245">
    <p class='ocr_par' dir='ltr' id='par_1_5' title="bbox 174 4113 1272 4245">
     <span class='ocr_line' id='line_1_41' title="bbox 174 4113 1272 4245; baseline -0.002 -71"><span class='ocrx_word' id='word_1_376' title='bbox 174 4122 435 4245; x_wconf 46' lang='lat' dir='ltr'>ffldihlidfflm</span> <span class='ocrx_word' id='word_1_377' title='bbox 459 4123 595 4193; x_wconf 84' lang='lat' dir='ltr'>accidunt,</span> <span class='ocrx_word' id='word_1_378' title='bbox 619 4130 649 4177; x_wconf 87' lang='lat' dir='ltr'>nt</span> <span class='ocrx_word' id='word_1_379' title='bbox 670 4122 820 4194; x_wconf 82' lang='lat' dir='ltr'>Pharaoni,</span> <span class='ocrx_word' id='word_1_380' title='bbox 842 4129 873 4175; x_wconf 89' lang='lat' dir='ltr'>nt</span> <span class='ocrx_word' id='word_1_381' title='bbox 897 4120 1148 4177; x_wconf 81' lang='lat' dir='ltr'>Nabuchodonosori</span> <span class='ocrx_word' id='word_1_382' title='bbox 1165 4130 1194 4176; x_wconf 86' lang='lat' dir='ltr'>et</span> <span class='ocrx_word' id='word_1_383' title='bbox 1209 4113 1272 4191; x_wconf 65' lang='lat' dir='ltr'>sier·</span> 
     </span>
     <span class='ocr_line' id='line_1_42' title="bbox 282 4208 352 4244; baseline 0.014 -1"><span class='ocrx_word' id='word_1_384' title='bbox 282 4208 298 4243; x_wconf 88' lang='lat' dir='ltr'>a</span> <span class='ocrx_word' id='word_1_385' title='bbox 344 4228 352 4244; x_wconf 91' lang='lat'><strong>.</strong></span> 
     </span>
    </p>
   </div>
   <div class='ocr_carea' id='block_1_6' title="bbox 174 4290 1274 4434">
    <p class='ocr_par' dir='ltr' id='par_1_6' title="bbox 174 4290 1274 4434">
     <span class='ocr_line' id='line_1_43' title="bbox 244 4290 1273 4371; baseline -0.006 -24"><span class='ocrx_word' id='word_1_386' title='bbox 244 4292 475 4364; x_wconf 80' lang='lat' dir='ltr'>operaepretium</span> <span class='ocrx_word' id='word_1_387' title='bbox 493 4300 536 4350; x_wconf 86' lang='lat' dir='ltr'>est</span> <span class='ocrx_word' id='word_1_388' title='bbox 550 4291 733 4349; x_wconf 77' lang='lat' dir='ltr'>vaticiniorum</span> <span class='ocrx_word' id='word_1_389' title='bbox 745 4290 909 4361; x_wconf 76' lang='lat' dir='ltr'>differentias</span> <span class='ocrx_word' id='word_1_390' title='bbox 921 4306 1040 4345; x_wconf 83' lang='lat' dir='ltr'>cernere.</span> <span class='ocrx_word' id='word_1_391' title='bbox 1074 4290 1202 4362; x_wconf 84' lang='lat' dir='ltr'>quaedam</span> <span class='ocrx_word' id='word_1_392' title='bbox 1215 4290 1273 4371; x_wconf 75' lang='grc' dir='ltr'>τρὶ-</span> 
     </span>
     <span class='ocr_line' id='line_1_44' title="bbox 174 4360 1274 4434; baseline -0.005 -17"><span class='ocrx_word' id='word_1_393' title='bbox 174 4360 281 4419; x_wconf 78' lang='lat' dir='ltr'>sitnniis</span> <span class='ocrx_word' id='word_1_394' title='bbox 297 4372 360 4419; x_wconf 81' lang='lat' dir='ltr'>sont</span> <span class='ocrx_word' id='word_1_395' title='bbox 376 4372 404 4417; x_wconf 88' lang='lat' dir='ltr'>et</span> <span class='ocrx_word' id='word_1_396' title='bbox 418 4363 525 4419; x_wconf 74' lang='lat' dir='ltr'>vereda</span> <span class='ocrx_word' id='word_1_397' title='bbox 541 4379 665 4434; x_wconf 83' lang='lat' dir='ltr'>prorsus,</span> <span class='ocrx_word' id='word_1_398' title='bbox 684 4374 714 4417; x_wconf 89' lang='lat' dir='ltr'>ut</span> <span class='ocrx_word' id='word_1_399' title='bbox 729 4364 774 4419; x_wconf 89' lang='lat' dir='ltr'>dei</span> <span class='ocrx_word' id='word_1_400' title='bbox 788 4370 992 4429; x_wconf 73' lang='lat' dir='ltr'>anteactorum,</span> <span class='ocrx_word' id='word_1_401' title='bbox 1007 4377 1056 4416; x_wconf 86' lang='lat' dir='ltr'>sno</span> <span class='ocrx_word' id='word_1_402' title='bbox 1068 4369 1187 4428; x_wconf 82' lang='lat' dir='ltr'>ternpore</span> <span class='ocrx_word' id='word_1_403' title='bbox 1201 4368 1274 4411; x_wconf 81' lang='lat' dir='ltr'>exsto</span> 
     </span>
    </p>
   </div>
   <div class='ocr_carea' id='block_1_7' title="bbox 0 0 1572 4809">
    <p class='ocr_par' dir='ltr' id='par_1_7' title="bbox 0 0 1572 4809">
     <span class='ocr_line' id='line_1_45' title="bbox 0 0 1572 4809; baseline 0 0"><span class='ocrx_word' id='word_1_404' title='bbox 0 0 1572 4809; x_wconf 95' lang='lat' dir='ltr'> </span> 
     </span>
    </p>
   </div>
  </div>
 </body>
</html>
