3134 4809
558 300 883 371 nantct'tw.
1224 328 1276 375 su

182 474 331 541 Germania
354 472 430 545 bello
456 472 580 541 dinanno
605 484 722 551 vexata,
751 494 883 561 agrarian
906 466 1141 565 populationiboi‚
1168 477 1274 543 urbium

182 574 376 643 vastationibus
397 598 543 650 senenses,
573 575 769 661 imperatore·
787 578 897 643 miseris
921 580 1020 645 dudmn
1044 582 1185 670 imperare
1206 604 1271 647 coe

182 678 258 762 pissa
271 699 326 743 non
339 678 477 744 diffitetur.
498 676 574 741 beas
592 673 673 741 latius
693 689 874 763 exsequemur
891 678 1150 770 bornmtemporum
1164 683 1270 748 diserti.

181 800 239 865 ego
251 780 321 869 stylo
335 780 497 846 remissiora
510 778 592 863 attigi
604 787 724 851 tanton,
745 788 773 841 et
787 778 860 863 qnod
872 777 985 865 longum
997 798 1070 847 esset
1082 808 1118 849 ea
1130 784 1271 870 prosequi,

183 892 210 943 at
225 881 297 965 qnod
311 880 432 945 verebar
452 900 489 941 na
505 876 641 943 lestidinm
654 889 818 943 nsaearetur
831 900 868 943 ex
890 879 1024 965 piurimis.
1063 886 1167 951 eaelum
1186 886 1271 971 igitur

152 1032 155 1037 .
183 980 330 1046 ambitione
341 980 476 1046 allectent
490 981 579 1044 exteri
592 981 757 1065 (quanquam
773 980 988 1065 expilationibus
1008 985 1113 1049 eaelum
1134 1009 1188 1050 non
1200 988 1269 1069 peti·

181 1092 238 1159 tur,
259 1083 311 1147 sed
332 1081 475 1169 religione
495 1090 524 1143 et
534 1080 654 1165 pietate,
675 1100 747 1165 quse
766 1102 853 1167 reges
867 1080 1119 1149 christianissimos
1139 1085 1221 1148 astris
1234 1085 1272 1147 in-

181 1186 299 1263 serunt),
320 1181 414 1245 aliene
427 1202 513 1268 regna
526 1181 608 1246 avido
628 1182 720 1245 animo
741 1182 909 1265 pervadant:
932 1185 1059 1270 quamdiu
1079 1186 1164 1251 stabit
1182 1184 1275 1249 Gallia

182 1284 353 1349 ualidissima
373 1292 505 1349 terrarum
524 1304 591 1369 pars
620 1284 716 1367 (mam
734 1284 870 1368 pereundi
888 1284 999 1371 legibus
1018 1285 1082 1352 aliis
1100 1309 1182 1373 qaam
1200 1307 1274 1371 qnae

180 1386 247 1449 orbi
269 1396 400 1449 terrarum
421 1385 566 1469 impositae
593 1397 670 1461 sunt,
693 1384 810 1450 latorum
833 1386 876 1449 sis
895 1397 1009 1449 aeterna
1027 1387 1074 1450 vei
1094 1390 1184 1471 potios
1203 1387 1273 1449 dena

181 1486 298 1551 latormn
312 1485 417 1551 arbiter
441 1497 471 1550 et
493 1484 667 1571 dispensator
680 1486 799 1568 exemit)
815 1498 917 1571 coepta
940 1488 984 1549 eis
1001 1507 1135 1572 nunquam
1152 1509 1189 1551 ex
1207 1496 1273 1549 uoto

180 1586 335 1653 nonedam.
379 1608 440 1652 ann
458 1598 549 1653 ament
568 1588 760 1653 serenissimus
778 1589 909 1675 puneaps
926 1596 1021 1650 noster
1042 1609 1108 1671 spes
1128 1589 1209 1651 totius
1221 1606 1271 1671 ge·

180 1688 255 1751 neris
268 1686 379 1753 bomani
393 1688 543 1765 adolescit,
564 1710 625 1753 oms
644 1689 730 1755 enimi
742 1691 803 1754 eius
816 1690 860 1755 vis
872 1691 1015 1776 augescit,
1036 1688 1118 1764 Tibi,
1141 1688 1272 1753 Cardine·

180 1787 216 1852 lis
228 1788 464 1867 Eminentissima,
483 1812 585 1855 summa
605 1812 698 1857 rernm
713 1794 849 1877 permissa
866 1802 925 1868 est,
947 1792 1024 1855 ouius
1046 1789 1117 1855 fides
1139 1790 1169 1855 in
1189 1786 1275 1853 rebus

182 1888 349 1955 difficillimis
375 1901 513 1977 spectata,
544 1893 620 1957 roias
643 1892 755 1957 devotio
778 1914 851 1981 erga
878 1894 1032 1980 prinoipem
1058 1912 1140 1957 omns
1163 1890 1274 1955 tineent

181 1990 345 2077 exemplum.
387 2012 470 2058 nemo
484 1995 511 2059 in
524 2006 664 2081 posterum
676 1990 721 2058 'ia
734 2015 826 2058 rernan
840 1994 1017 2059 moderatore
1028 2005 1084 2058 tam
1097 2014 1209 2058 asemas
1224 2012 1272 2075 po·

181 2094 285 2157 tentiae
309 2093 364 2157 erit
383 2106 412 2158 at
433 2093 531 2161 Gallos
552 2116 627 2183 pene
651 2096 724 2160 iuter
745 2092 850 2161 latrum
873 2108 902 2162 et
920 2117 997 2161 arma
1016 2108 1095 2160 natos
1117 2113 1274 2178 provocare

181 2192 227 2260 vel
241 2192 387 2259 offendere
402 2196 517 2274 audam,
537 2218 607 2285 qnos
626 2196 763 2284 intelliget
783 2196 880 2262 nulius
898 2200 983 2263 armis
1005 2219 1069 2261 esse
1089 2193 1270 2281 mparsbiles.

181 2316 264 2358 namo
283 2295 394 2361 Gallias
418 2300 509 2365 socios
529 2311 574 2365 eut
592 2297 753 2365 foederatos
773 2298 907 2373 laoesset;
938 2319 1020 2362 nemo
1044 2298 1147 2363 emises
1167 2294 1271 2373 taedet,

180 2396 229 2481 qui
257 2394 312 2461 boo
339 2396 451 2463 Galliae
480 2399 598 2477 debent,
630 2414 658 2467 ut
683 2400 731 2488 qut
752 2420 857 2465 summa
878 2424 939 2467 eam
962 2401 1063 2465 iniuria
1085 2410 1113 2463 et
1136 2396 1272 2461 bonorum
1385 2387 1390 2412 ¹

180 2497 301 2565 emuna
325 2498 515 2587 indignatione
538 2500 653 2567 iomanis
666 2502 722 2565 sois
736 2503 900 2581 exatisalnt
917 2502 983 2566 nudi
1014 2498 1190 2572 exsulabant,
1210 2495 1270 2582 ple·

180 2602 295 2667 nissime
314 2602 430 2669 restituti
453 2604 518 2669 sint:
551 2614 627 2667 tanta
653 2614 778 2667 esteten
798 2605 871 2669 sacri
890 2604 1008 2669 nominis
1036 2601 1091 2667 Tui
1108 2598 1271 2672 veneratio,

181 2715 238 2767 trun
272 2702 384 2789 imperii
417 2702 519 2769 Gettiei
553 2701 672 2769 lelioitas
700 2724 815 2791 semper
846 2704 955 2768 insiste
1012 2726 1109 2769 aerum
1138 2721 1193 2787 quo
1222 2700 1271 2763 im·

182 2804 274 2891 pellor
295 2824 354 2891 ego
380 2802 457 2870 laudi
480 2805 639 2893 impotens?
676 2806 828 2871 nonenim
844 2804 955 2871 mutum
976 2805 1111 2870 interesse
1136 2814 1202 2889 puto
1234 2802 1270 2866 ai·

180 2926 218 2969 ve
237 2904 297 2991 quis
319 2905 420 2971 lamam
447 2904 563 2973 alieuius
590 2906 700 2983 laedat,
739 2909 801 2973 siva
830 2907 902 2973 inlrs
932 2908 1095 2997 dignitatem
1123 2928 1186 2970 eom
1213 2902 1270 2968 lau·

181 3010 237 3075 dat.
295 3030 351 3075 uon
378 3030 488 3095 possum
514 3019 605 3071 tamen
643 3008 709 3075 beia
735 3010 805 3074 eitra
844 3010 949 3076 riitnen
977 3010 1080 3097 ingrati
1113 3006 1271 3093 praeterire

180 3112 254 3199 quod
281 3114 400 3178 suetan
419 3108 655 3197 sommendatione
683 3110 871 3199 dignissimum
894 3125 951 3178 est:
994 3110 1192 3179 bibliothecam
1217 3107 1270 3171 soi·

183 3214 248 3280 liost
270 3237 294 3279 n
316 3218 359 3279 -tis
381 3212 514 3279 librorum
547 3210 656 3279 milibue
678 3224 846 3279 constantem
870 3214 1024 3293 instituisti,
1052 3235 1133 3302 qnam
1158 3208 1273 3277 eruditis

184 3312 306 3379 omnibus
320 3324 416 3400 patere
429 3313 480 3378 uia.
522 3313 551 3376 in
564 3336 617 3401 qua
630 3314 760 3401 quidquid
775 3314 868 3381 Gutta
886 3315 1019 3382 bonarnm
1039 3316 1137 3378 artium
1156 3309 1271 3374 leraois·
1310 3343 1313 3350 ι

182 3417 266 3491 sima,
289 3414 419 3503 quidquid
441 3412 520 3479 ltalia
544 3415 590 3477 val
614 3416 765 3481 Germania
790 3416 924 3482 eruditum
943 3413 1070 3501 protulit,
1096 3411 1221 3478 invenire
1241 3409 1271 3474 in

182 3514 318 3581 lasiliest.
360 3518 457 3581 omitto
469 3502 616 3599 praestari
628 3514 677 3579 illa
693 3535 847 3590 memora,
868 3517 1020 3602 prinoiptun
1042 3527 1070 3581 et
1089 3510 1270 3596 virorumqui

181 3618 270 3683 literis
284 3616 441 3683 claruerunt
452 3628 568 3691 statuas,
594 3636 662 3702 quas
678 3638 738 3681 eom
750 3615 847 3682 videas
866 3628 894 3682 et
908 3618 1014 3708 ingenii
1033 3624 1205 3683 monumenta
1229 3612 1269 3677 la

180 3740 250 3805 gas,
274 3731 354 3805 putes
366 3738 423 3783 oon
440 3728 513 3783 muts
530 3738 668 3784 marmora
686 3716 737 3783 sed
752 3720 885 3797 animata,
908 3732 937 3786 et
949 3742 1045 3788 eorum
1061 3738 1116 3783 non
1130 3716 1269 3782 interiisse

181 3840 310 3905 terpora,
332 3818 383 3884 sed
398 3842 458 3885 eum
477 3820 628 3886 animorum
648 3819 723 3887 loetn
744 3820 780 3886 de
801 3822 975 3907 mranmtste
995 3832 1114 3887 certare.
1135 3840 1189 3905 quo
1210 3817 1268 3903 qui·

180 3922 245 3986 dem
258 3923 381 4009 egregio
394 3920 468 3985 laeto
488 3920 656 3988 literatioree
674 3943 796 4009 quoque
809 3921 876 3988 titi
889 3923 1026 3988 obnoxios
1045 3920 1150 3998 issisti,
1172 3932 1200 3985 et
1214 3939 1269 3981 non

180 4024 269 4089 minus
281 4024 310 4090 in
324 4044 375 4089 ore
388 4013 526 4088 bominuin
539 4025 601 4110 agis
621 4047 702 4110 pam
715 4034 832 4111 propter
849 4022 921 4089 alias
934 4024 1090 4089 acerrimae
1108 4022 1208 4087 mentis
1218 4018 1267 4081 do·

180 4135 239 4198 teas
266 4145 302 4188 ex
326 4124 423 4213 quibes
446 4124 513 4189 boni
535 4144 630 4189 omnes
648 4126 803 4213 intelligunt
819 4138 895 4190 tanto
907 4123 953 4189 'l'e
971 4126 1092 4192 aeaeis
1111 4120 1270 4187 mortalibus

182 4225 355 4311 superiorem
376 4248 453 4305 esse,
474 4236 574 4312 quanto
596 4225 702 4293 iorem
724 4226 787 4292 Tua
805 4226 994 4293 maduerat
1016 4224 1201 4315 praestantior
1220 4235 1270 4287 est.
