3134 4809
271 321 347 398 432
523 382 526 390 .
627 321 807 394 uuonan
830 319 1016 392 OREM

271 519 358 562 νωπα
375 499 413 582 τῇ
428 487 522 560 πόλει.
574 495 624 560 καλ
643 491 740 574 οῦτως
753 495 1004 582 ’έξνγῳανέσθνγσαν
1025 492 1059 560 έκ
1079 495 1137 579 τῆς
1154 487 1273 571 πόλεως
1290 493 1323 558 ολ
1333 517 1370 560 τε

233 611 256 666 Β
274 599 412 686 σκορντέοι
426 600 476 664 καλ
490 597 519 662 οἶ
535 594 683 676 κώνωπες.
734 601 872 682 αλτηθελς
892 599 926 664 δέ
946 600 997 663 καὶ
1017 599 1086 683 περὶ
1099 603 1162 664 τῶν
1176 597 1370 680 ἐπικειμένων

272 701 349 788 αὐτῇ
367 706 508 784 σεισμῶν,
534 699 679 780 στενάξας
690 699 823 788 έγραψεν
834 705 868 766 έν
880 698 1015 790 διπτῦχῳ
1030 707 1129 766 ταῦτα
1141 697 1238 766 “asiai
1248 723 1297 764 σοι
1309 697 1369 766 τά·

270 811 360 870 λαινα
381 800 484 882 πόλις,
520 802 566 870 ότι
591 815 739 888 σεισμσῖσι
763 811 887 882 πολλοῖς
912 808 964 869 καλ
991 812 1119 890 πυρσοῖς
1146 800 1369 889 κατενεχθήοῃ.

271 904 433 973 κλαόσεται
452 907 488 972 δέ
501 931 534 972 σε
547 911 596 972 καλ
613 905 629 972 ὃ
645 907 722 993 παρ’
741 906 1076 994 αλγιαλοῖς’ορόντης.”
1129 908 1198 992 περὶ
1213 897 1251 971 οῦ
1263 907 1394 988 μέντοιτι

271 1013 322 1076 καλ
338 1006 354 1074 ό
369 1010 465 1094 μέγας
478 1007 674 1088 Ἅναοτάσιος
692 1008 890 1087 Θεουπόλεῶς
904 1035 997 1096 φησιν
1017 1006 1244 1075 “Ἅπολλωνέου
1262 1010 1298 1074 δὲ
1309 1009 1369 1093 με’-

266 1139 322 1202 χρι
341 1120 396 1178 νῦν
418 1112 449 1177 έν
471 1137 532 1178 τισι
551 1111 655 1192 τόποις
670 1116 821 1199 ἐνεργοῦσι
837 1113 877 1180 τά
896 1113 1126 1195 ἀποτελέσματα
1140 1109 1302 1194 λστάμινα,
1326 1110 1370 1177 τιλ

270 1217 327 1300 μέν
345 1218 387 1292 εἷς
403 1213 578 1301 ἀποτροπὴν
592 1215 676 1304 ζῴων
691 1214 884 1304 τετραπόδων
898 1219 950 1282 καὶ
965 1221 1106 1281 πετεινῶν
1115 1214 1263 1297 βλάπτειν
1273 1217 1370 1280 δυνα-

270 1321 370 1404 μένων
384 1317 584 1404 ἀνθρώπους,
609 1321 696 1386 τὰδὲ
713 1323 755 1396 εἰς
771 1321 883 1404 ἐποχὴν
900 1317 1058 1406 ῥευμάτων
1072 1326 1212 1401 ποταμοῦ
1229 1315 1370 1395 ἀτάκτως

271 1423 458 1508 φερομένου,
493 1425 542 1487 καὶ
559 1423 638 1488 ἄλλα
653 1427 694 1501 εἰς
713 1425 801 1510 impu
819 1425 868 1490 έπλ
889 1429 998 1513 φθορᾷ
1012 1424 1062 1487 καλ
1074 1420 1180 1508 βλάβῃ
1193 1419 1369 1509 ἀνθρώπων
1377 1431 1415 1486 1⁰

268 1521 446 1612 ῦπάρχοντα
460 1523 651 1610 ἀποτρόπαια
662 1531 813 1593 λ’στανται.
864 1528 915 1591 καλ
932 1525 968 1591 οῦ
983 1524 1078 1607 μόνον
1089 1527 1122 1590 έν
1134 1532 1174 1611 τῇ
1186 1527 1249 1611 ζωῇ
1270 1523 1370 1589 αὐτοῦ

231 1640 255 1696 (λ
274 1615 371 1694 ταῦτα
386 1631 436 1694 isui
450 1627 489 1693 τά
503 1636 629 1696 τοιαῦτα
643 1627 822 1718 εἷργάσαντο
837 1628 866 1695 οἶ
880 1630 1021 1711 δαέμονες
1039 1627 1082 1692 δι’
1098 1627 1210 1706 αάτοῦ,
1236 1625 1317 1691 ἀλλά
1331 1651 1369 1712 γε

273 1733 324 1796 καὶ
343 1731 421 1814 μετὰ
443 1732 499 1814 τὴν
520 1734 658 1817 τελευτὴν
683 1733 778 1798 αῦτοῦ
798 1733 1018 1817 παραμένοντες
1040 1737 1084 1819 τῷ
1107 1728 1245 1814 μνήματι
1270 1729 1369 1796 αῦτοῦ

271 1831 382 1916 σημεῖά
395 1859 462 1899 τινα
477 1834 509 1910 έξ
524 1833 672 1917 ὀνόματος
684 1837 780 1900 αὐτοῦ
793 1836 967 1900 ἐπετέλεσαν
979 1834 1057 1921 πρὸς
1069 1830 1189 1917 ἀπάτην
1199 1839 1261 1898 τῶν
1274 1835 1369 1898 έλεει-

271 1943 332 2001 νῶν
348 1933 538 2021 ἀνθρώπων,
564 1945 625 2004 τῶν
637 1938 749 2028 ῥαδίως
763 1935 1030 2020 ῦποιιλαιτομένων
1051 1939 1094 2013 εἷς
1112 1936 1293 2002 τὰτοιαῦτα
1303 1931 1414 2002 indis

270 2045 326 2104 τοῦ
338 2035 495 2120 διαβόλου.
547 2042 579 2104 τί
589 2039 626 2104 ἀν
640 2066 687 2118 τις
699 2041 775 2105 εἴποι
789 2044 857 2126 περλ
870 2047 932 2105 τῶν
945 2041 1024 2104 κατὰ
1036 2041 1219 2106 Μανέθωνα
1230 2046 1370 2124 μαγικῶν

270 2139 384 2227 έργωνς
424 2139 458 2220 ὃς
481 2149 616 2219 τοιοῦτος
639 2142 732 2229 ἀκρος
755 2144 855 2228 γέγονε
878 2150 916 2229 τῇ
941 2151 1056 2229 μαγικῇ
1085 2141 1188 2230 ἀπάτῃ
1217 2141 1295 2209 ῶστε
1318 2141 1370 2208 ἀεὶ

269 2243 401 2310 έσκωπτε
413 2243 573 2328 προδήλως
585 2245 638 2310 τόν
646 2244 848 2312 Ἀπολλώνιον
862 2244 904 2324 ῶς
915 2247 959 2331 μὴ
976 2246 1087 2332 ἀκριβῆ
1100 2246 1156 2329 τὴν
1168 2245 1239 2311 κατ’
1256 2245 1370 2324 αῦτοδς

269 2347 472 2436 φιλοσοῳικὴν
486 2349 642 2436 ἐμπειρίαν
657 2347 817 2433 ἐσχηκότα.
868 2349 928 2415 ἴδει
940 2350 999 2437 γάρ
1013 2347 1115 2428 αὐτόν,
1140 2351 1244 2436 ῳησέν,
1264 2346 1369 2436 ῶσπερ

270 2447 345 2536 δγῶ,
372 2449 453 2538 λόγῳ
471 2449 557 2539 μόνῳ
578 2462 673 2518 ποιεῖν
696 2451 772 2538 άπερ
798 2451 958 2535 ἔβοῦλετο,
983 2454 1034 2517 καλ
1057 2453 1103 2535 μὴ
1126 2451 1413 2534 ἀποτελέσμασινω

267 2554 434 2640 έπιτρέπιιν
453 2553 493 2619 τά
508 2556 584 2642 παρ’
603 2560 698 2621 αδτοῦ
713 2553 916 2643 πραττόμενα.
965 2561 1064 2620 ταῦτα
1080 2556 1115 2620 δέ
1130 2552 1229 2620 πάντα
1243 2580 1367 2640 συγχω-

268 2655 354 2742 ρήσει
367 2663 423 2723 τοῦ
435 2662 513 2722 θεοῦ
525 2661 575 2722 καλ
588 2659 719 2748 ένεργεέῳ
736 2656 890 2741 δαιμόνων
897 2659 1029 2743 γένονται
1038 2657 1115 2744 πρδς
1124 2657 1159 2722 τὸ
1169 2658 1222 2722 διδ
1230 2665 1292 2724 τῶν
1299 2683 1368 2723 τοι-

227 2759 253 2815 l)
270 2757 368 2824 νότων
379 2756 566 2844 πραγμάτων
579 2759 799 2844 δοκιμάζεσθαι
811 2761 867 2844 τὴν
874 2757 1023 2848 ἡμετέραν
1029 2760 1201 2848 δρθόδοξον
1209 2762 1319 2840 πέστιν,
1337 2763 1368 2827 ελ

268 2857 376 2948 έδραέα
396 2862 459 2925 Iasi
483 2866 534 2926 καλ
550 2866 643 2948 παγέα
659 2863 873 2952 προσμένουσα
886 2870 930 2955 τῷ
948 2866 1060 2954 κυρίῳ,
1085 2866 1136 2930 καλ
1151 2865 1197 2949 μὴ
1210 2861 1367 2952 ῦποσορο-

266 3084 370 3145 cibus.”
404 3106 436 3143 ac
451 3089 528 3142 modo
546 3093 574 3142 st
589 3089 689 3160 scorpii
706 3099 735 3144 et
750 3089 849 3144 culices
865 3105 898 3143 sa
917 3107 951 3143 ax
966 3091 1032 3144 urba
1066 3089 1185 3160 ronigsd
1200 3060 1288 3145 τιεειι.1
1304 3107 1368 3147 can

265 3169 353 3214 sutem
369 3167 506 3229 peteretur
517 3160 551 3212 sb
563 3176 595 3212 eo
611 3169 641 3213 ut
652 3169 741 3214 terras
753 3169 838 3213 motus
849 3159 945 3229 quibus
958 3160 1051 3230 afflige
1103 3169 1148 3213 tur
1160 3165 1303 3231 svmtsmt,
1318 3161 1366 3215 in·

265 3228 412 3298 gemiscens
430 3229 458 3281 in
475 3227 572 3282 tabuiis
589 3228 626 3282 its
643 3228 766 3298 scripsits
788 3224 858 3282 “vsa
874 3228 925 3281 tibi
944 3229 1039 3283 misere
1055 3231 1134 3297 urbs,
1160 3229 1283 3299 quonism
1307 3238 1366 3284 tet-

265 3315 312 3352 rae
323 3297 436 3352 motibus
447 3297 534 3352 multis
546 3298 728 3368 incendiisque
740 3298 927 3368 prosterneris,
942 3307 1023 3368 teque
1035 3297 1152 3352 Orontes
1166 3300 1199 3352 sd
1214 3300 1287 3370 ripss
1302 3317 1367 3353 sues

265 3363 403 3421 deflebit.”
437 3369 471 3421 ds
495 3367 546 3420 boc
568 3385 676 3436 maguus
692 3367 845 3422 Anastasius
863 3367 940 3421 Theo
960 3367 1010 3420 ciis
1032 3368 1173 3438 episcopus
1195 3369 1236 3422 its
1255 3369 1367 3422 scribite

264 3437 419 3508 quibusdam
436 3438 465 3490 in
482 3436 547 3490 lueis
562 3438 596 3490 sd
612 3437 777 3509 truncusque
794 3437 863 3490 diem
884 3385 1018 3508 Αροάοιιίἱ
1039 3455 1123 3505 opere
1146 3445 1219 3490 stant
1238 3445 1267 3491 at
1289 3455 1367 3492 suan

264 3506 363 3559 habeut
381 3506 580 3572 dicacitatem,
606 3505 658 3559 aiis
682 3506 896 3576 quadrupedibus
918 3524 950 3559 sc
970 3505 1121 3559 volucribus
1137 3505 1270 3560 dsmncsis
1285 3523 1368 3560 sver-

263 3575 362 3642 tendis,
381 3574 434 3628 slis
451 3576 486 3628 sd
502 3575 665 3628 inordinatos
682 3575 794 3628 amnium
806 3591 936 3638 ,exeamus
953 3575 1120 3642 inhibendas,
1139 3573 1193 3628 siis
1208 3575 1268 3629 aliis
1283 3577 1368 3631 rebus

263 3660 332 3712 quse
356 3643 503 3697 hominibus
527 3644 710 3700 detrimentum
732 3645 847 3698 κάονται
863 3644 994 3698 arcendis.
1028 3659 1116 3714 uque
1133 3660 1166 3698 eo
1182 3649 1283 3698 hatum
1300 3645 1368 3699 rivo

230 3761 232 3772 ,
264 3713 404 3796 daemones
429 3729 488 3796 per·
501 3712 586 3782 ipsum
609 3721 650 3766 τοι
675 3731 707 3767 sc
730 3713 795 3767 tuiis
818 3722 944 3796 egnum,
957 3713 1017 3797 'ssd
1037 3712 1098 3798 ipsc
1114 3713 1194 3766 etiem
1210 3721 1312 3767 mortno
1328 3716 1368 3770 sd

262 3782 1367 3922 indidistittaizdtdinttiddddiffinitum

261 3920 343 3972 rebus
367 3937 397 3973 ss
421 3937 438 3975 s
463 3919 568 3973 diabolo
590 3921 619 3972 in
639 3921 757 3975 fraudem
774 3919 864 3974 induci
879 3920 1026 3991 patiuntur.
1060 3920 1124 3990 quid
1141 3921 1209 3974 enim
1225 3921 1311 3975 dican
1327 3923 1366 3976 de

261 3987 431 4043 Manethonis
448 3988 556 4058 magicis
574 3989 719 4059 operibus?
737 3991 783 4058 qui
799 3997 888 4044 tentus
905 3991 957 4043 fuit
972 3989 1082 4044 istarum
1098 3989 1301 4060 imposturarum
1317 4008 1365 4045 sr-

262 4055 339 4125 tiiex‚
360 4065 390 4111 ut
405 4075 510 4128 semper
525 4057 608 4130 palam
625 4057 792 4128 Apollonium
807 4057 923 4112 irriserit
940 4067 970 4112 ut
986 4075 1040 4111 ιιοιι
1056 4059 1176 4130 periects
1190 4059 1248 4113 eius
1260 4061 1364 4114 doctri·

263 4125 432 4248 dudit
443 4122 786 4266 *ditidd‘d’tiii‘
801 4121 1366 4269 :iisspdd‘dt'udidffit

264 4261 330 4315 haec
345 4269 430 4315 sutem
444 4267 531 4318 omnis
546 4265 590 4320 dei
607 4265 734 4338 permissu
748 4274 777 4320 ct
789 4267 941 4320 daemonum
958 4266 1120 4321 cfficscitsts
1134 4268 1210 4336 flunt,
1227 4277 1257 4321 ut
1270 4267 1365 4322 huius·

263 4329 334 4384 madi
350 4331 430 4384 rebus
446 4347 513 4389 vers
528 4343 619 4391 nostra
635 4333 788 4409 exploretur
803 4335 880 4406 fides,
899 4336 1009 4392 firmam
1024 4353 1059 4392 es
1073 4336 1111 4391 sit
1127 4343 1157 4391 et
1171 4337 1226 4394 fixa
1240 4337 1364 4392 doninc-
