3134 4809
387 345 684 414 msnonunnn
708 327 1001 416 comannorum.
1199 347 1249 419 ον

143 516 332 606 παραβολὴν
346 520 519 602 παρίδηκεν
535 516 639 595 αδτοῖς
653 517 746 601 λόγων
766 513 882 600 “δμοία
896 519 975 583 ἐστὶν
992 516 1011 602 ἦ
1028 519 1167 600 βασιλεία
1187 525 1248 586 τῶν

148 624 291 709 οὐρανῶν
309 620 463 709 ἀνθρώπῳ
483 622 635 706 σπείροντι
658 619 752 684 καλὸν
766 621 887 705 σπίρμα
910 623 942 684 ίν
959 629 1002 710 τῷ
1016 623 1100 710 ἀγρῷ
1117 623 1244 689 aizoo?

149 729 203 790 osori
220 726 383 809 παραβολὴ
398 725 514 810 λίγεται
527 719 549 807 ἢ
561 725 754 809 τροπολογία,
780 719 846 788 οἷόν
858 724 922 787 ἔστι
937 721 971 787 τό
985 720 1052 788 “vil
1070 723 1245 811 ἀνθρώπου,

151 825 237 894 εἷπον
250 827 353 903 ιιάτοΐς
364 826 420 910 τὴν
432 826 613 910 παραβολὴν
627 823 749 908 ταύτην,
777 821 794 890 ὃ
812 825 900 902 ἀετὸς
918 821 934 890 ὃ
948 829 1205 913 μεγαλοπτίρυγος
1212 829 1247 909 ,³³

124 930 243 997 ῦάετδν
257 929 350 1012 λόγων
364 931 418 996 τδν
433 931 573 1011 βασιλέα.
623 927 785 1014 παραβολὴ
802 929 918 1013 λίγεται
935 930 985 992 καί
1003 925 1019 994 δ
1042 925 1136 1004 τόπος
1157 934 1207 994 καί
1228 928 1248 1014 ἡ

152 1030 251 1108 εἰκῶν,
276 1029 317 1108 ῶς
326 1036 377 1098 καὶ
389 1029 405 1096 ὅ
415 1028 833 1119 μίγαςΠαῦλοςέρτη“πίστει
843 1029 1059 1118 προσενήνοχεν
1069 1027 1085 1095 ὃ
1097 1031 1251 1118 Ἀβραὰμ

150 1135 206 1202 τδν
223 1135 335 1200 Ἰσαὰκ
359 1133 589 1220 πειραζόμενος,
624 1137 674 1198 καὶ
697 1133 751 1200 sir
768 1141 916 1219 μονογενῆ
938 1137 1124 1222 προσέφερεν
1154 1131 1170 1199 ὅ
1194 1134 1250 1212 τδις

151 1240 330 1323 ἐπαγγελίας
343 1236 513 1320 δεξόμενος.
563 1236 637 1302 ὅθεν
650 1239 700 1303 καὶ
715 1239 747 1302 ἓν
759 1243 923 1323 παραβολῇ
937 1245 1044 1303 τοῦτον
1057 1237 1247 1320 ἔκομίσατο,”

149 1342 306 1406 τουτέστιν
320 1343 352 1405 ἓν
367 1339 452 1428 τόπῳ
473 1342 524 1406 καὶ
545 1339 645 1405 εἰκόνι.
696 1343 746 1404 καλ
768 1337 931 1427 παραβολή
954 1343 1018 1406 ἐστι
1037 1339 1126 1424 λόγος
1144 1367 1246 1428 παρα·
1262 1352 1287 1406 D

110 1443 276 1527 mommo
292 1445 331 1508 τὰ
346 1443 441 1527 νοητὰ
457 1454 520 1520 τοῖς
535 1446 706 1526 αἰσθητοῖς,
729 1445 781 1508 καλ
796 1449 953 1530 παριστῶν
964 1445 996 1508 ἐκ
1011 1450 1072 1508 τῶν
1084 1445 1251 1528 ἔγκοσμίων
1310 1510 1314 1520 ,

150 1550 204 1612 καὶ
220 1542 339 1632 ὁρατῶν
354 1547 393 1611 rol
405 1543 595 1633 δαερκόσμια
609 1547 659 1610 καὶ
673 1543 801 1634 ἀόρατα.
853 1544 1019 1633 πρόβλημα
1037 1547 1073 1612 δέ
1085 1547 1148 1612 ἔστι
1162 1544 1251 1632 λόγος

150 1651 403 1732 σανεσκεασμίνος
418 1653 468 1714 καὶ
487 1645 727 1734 αἰνιγματῶδης,
753 1647 831 1714 κατὰ
855 1649 890 1716 τὸ
910 1651 1066 1735 εἰρημένον
1081 1645 1194 1714 “alno
1209 1653 1251 1726 είς

149 1752 333 1838 παραβολὴν
346 1751 381 1818 roi
400 1743 535 1834 οάςμου,
557 1754 668 1829 ἀνοίξω
682 1755 715 1816 ἔν
730 1755 893 1841 ψαλτηρίιμ
913 1753 948 1818 τὸ
970 1750 1134 1838 πρόβλημά
1149 1751 1249 1836 μοο.”

149 1851 318 1941 πρόβλημά
348 1859 412 1921 ἔστι
433 1853 585 1941 θεώρημα
612 1864 763 1920 συντεῖνον
791 1853 868 1939 πρὸς
895 1858 1030 1942 θεωρίαν
1054 1858 1105 1920 καὶ
1129 1862 1250 1941 γνῶσιν.

110 1957 348 2044 15ποράδειγμα
361 1960 397 2023 δέ
410 1961 489 2024 ἔστιν
509 1959 635 2022 ἀπὸτοῦ
649 1957 727 2022 καθ’
747 1959 874 2024 ἕκαστον
889 1957 963 2042 ἄγον
984 1960 1031 2022 ἐπὶ
1047 1958 1082 2024 τδ
1099 1956 1250 2038 καθόλου,

149 2060 172 2144 ἢ
187 2065 284 2138 δεῖξις
300 2062 481 2145 πιστουμένη
498 2061 533 2143 τὸ
547 2061 671 2146 μερικδν
686 2061 737 2124 διὰ
751 2066 879 2146 μερικοῦ
890 2061 940 2125 καὶ
956 2058 1072 2142 ὁμοίου.
1103 2064 1252 2148 παροιμία

150 2165 185 2229 δ’
212 2165 276 2228 ἐστὶ
304 2161 393 2249 λόγος
423 2163 602 2251 ἀπόκρυφος
628 2164 672 2228 δι’
701 2161 804 2250 ἕτίρου
839 2163 993 2250 προδήλου
1022 2163 1250 2248 σημαινόμενος.

150 2266 320 2353 ἀλληγορία
344 2267 377 2332 δ’
401 2268 481 2332 ἐστὶν
502 2265 523 2350 ἢ
545 2269 592 2331 lui
612 2273 674 2330 τῶν
691 2264 839 2348 ἀψύχων,
865 2264 930 2331 οἷον
944 2267 1038 2352 ὁρίων
1053 2269 1104 2332 καὶ
1117 2273 1247 2348 βουνῶν,
1264 2279 1287 2334 P
1305 2281 1339 2337 55

151 2373 286 2457 δένδρων
299 2372 350 2434 καὶ
368 2375 491 2434 λοιπῶν.
541 2371 723 2454 τροπολογία
747 2369 777 2432 δ’
807 2371 886 2432 ἐστὶν
909 2366 929 2454 ἡ
952 2373 999 2436 ἐπὶ
1023 2377 1084 2435 τῶν
1098 2367 1251 2457 ἡμετίρων

110 2491 145 2544 2⁰
150 2479 270 2556 μελῶν,
298 2469 363 2539 οἷον
377 2477 513 2559 κεφαλῆς
525 2472 700 2558 ὀφθαλμῶν
714 2473 840 2535 καὶτῶν
854 2476 983 2537 λοιπῶν·
1013 2475 1195 2560 τροπολογία
1216 2474 1251 2538 δὲ
1335 2519 1338 2524 ·

151 2575 213 2642 ἀπδ
229 2582 284 2640 τοῦ
298 2577 463 2664 τρέπεσθαι
477 2574 602 2659 λίγειαι.
653 2577 793 2639 ἐντεῦθεν
815 2571 873 2660 δρα
893 2597 947 2657 μοι
969 2573 1025 2650 τὰς
1045 2573 1169 2661 πράξεις
1191 2581 1251 2642 τῶν

152 2684 273 2768 κριτῶν.

151 3005 219 3060 haee
234 3005 345 3074 (Manu.
364 3007 409 3076 13)
425 3002 519 3064 “aliam
533 3026 614 3080 porro
631 3008 670 3064 eis
687 3007 836 3081 parabolam
854 3007 1005 3081 proposuit,
1025 3007 1065 3066 ito
1082 3009 1187 3064 δίοεαιι
1204 3025 1249 3062 ra·

151 3093 231 3144 gnum
248 3076 378 3130 caelorum
397 3077 481 3132 similo
498 3089 540 3133 est
555 3079 653 3133 homini
672 3081 742 3134 bono
762 3079 862 3134 semiue
877 3097 967 3150 agrum
983 3097 1057 3134 suum
1075 3071 1252 3133 conserenti.”

150 3143 302 3214 tropologia
318 3147 410 3212 etiamr,
431 3165 488 3202 oum
504 3149 595 3202 verbio
611 3149 682 3203 aliud
698 3149 908 3218 significantibus
922 3166 967 3202 rea
985 3149 1153 3218 exprimitur,
1169 3165 1249 3218 para-

150 3213 231 3267 bolae
247 3231 340 3268 nomen
357 3215 437 3284 gerit.
473 3225 502 3271 ut
517 3218 562 3270 hio
578 3219 692 3286 (Erech.
710 3222 740 3286 7)
759 3214 816 3271 “fili
832 3219 954 3284 bominis,
968 3217 1012 3270 dio
1029 3218 1068 3269 eia
1086 3218 1153 3268 hano
1170 3233 1250 3284 para-

151 3281 248 3337 bolam.
283 3283 371 3353 aquila
387 3285 487 3354 magnis
509 3282 579 3341 alis”
601 3297 653 3341 ato.
675 3287 780 3356 aquilae
803 3286 908 3340 nomino
932 3301 1021 3351 regern
1045 3291 1129 3335 notat.
1163 3283 1251 3348 imago

152 3351 232 3405 etiam
251 3369 298 3407 seu
316 3355 447 3425 exemplar
462 3356 605 3424 parabolae
617 3355 745 3409 uocabulo
762 3355 903 3420 indicatur,
923 3361 953 3404 ut
970 3367 1027 3402 oum
1045 3350 1080 3402 D.
1097 3349 1194 3402 Paulus
1208 3349 1250 3402 di-

151 3421 191 3474 cit
207 3419 255 3488 (ad
271 3421 404 3490 Ebraeos)
423 3417 495 3476 “fida
512 3425 630 3478 laneum
645 3434 760 3478 tonatur
776 3423 939 3474 Abrabamus
958 3415 1065 3486 obtolit,
1089 3417 1132 3472 un'
1153 3418 1251 3472 anitum

151 3506 243 3558 mam,
262 3500 370 3562 accepta
386 3491 438 3544 iam
455 3494 644 3563 promission03
669 3494 739 3545 unde
758 3499 787 3543 et
802 3507 851 3560 par
867 3485 1016 3558 parobolam
1034 3503 1091 3542 eum
1109 3495 1138 3541 tu
1148 3487 1168 3540 it
1176 3481 1200 3554 ,''
1222 3487 1252 3542 id

152 3566 209 3625 eat,
235 3568 266 3611 ut
288 3560 427 3631 imaginem
452 3569 480 3613 et
502 3560 642 3630 exemplar.
679 3568 722 3612 est
742 3559 821 3612 etiam
837 3555 962 3640 parabola
979 3557 1063 3611 oratio
1080 3574 1150 3628 quae
1165 3565 1252 3610 munte

150 3627 861 3767 iiiiiiibiillilb‘iiiiiiti'illssi'
873 3625 1250 3766 ziiizlilli‘iiliili·

151 3783 211 3819 nem
225 3765 321 3820 Latine
338 3719 427 3821 dicire
440 3767 547 3838 possis)
571 3769 656 3822 oratio
680 3776 722 3821 eat
743 3768 896 3820 obumbrata
912 3773 941 3819 et
956 3765 1145 3820 divinationem
1160 3763 1252 3834 requi-

151 3851 224 3887 rens.
260 3835 335 3890 iuxta
356 3836 407 3888 hoo
431 3837 546 3904 (Psalm.
566 3839 620 3908 48)
641 3833 791 3891 “inclinabo
814 3852 902 3889 aurem
928 3853 1010 3889 meam
1033 3835 1067 3888 ad
1091 3833 1251 3904 parabolam,

188 3903 268 3957 eriam
284 3904 314 3957 in
329 3905 455 3976 psalterio
474 3907 652 3976 quaestionem
668 3900 778 3960 meam.'’
811 3905 945 3975 problema
971 3904 1048 3958 etiam
1072 3909 1113 3954 eat
1134 3915 1250 3956 oontem-

149 3972 235 4043 putio
252 3975 284 4027 ad
302 3975 478 4043 cognitionem
496 3976 607 4030 iaciens.
642 3975 787 4046 exemplum
804 3983 857 4040 ost,
878 3975 948 4044 quod
966 3991 982 4026 a
999 3972 1039 4026 sin
1076 3969 1125 4024 lari
1142 3973 1175 4026 ad
1192 3973 1251 4026 uni·

150 4040 255 4096 versare
272 4043 393 4110 adducit3
417 4053 463 4097 aut
481 4062 539 4098 curu
552 4045 678 4114 singulari
695 4062 744 4115 per
764 4043 897 4126 sinpulare
914 4041 973 4096 sive
989 4041 1074 4094 simis
1091 4041 1166 4096 fidem
1183 4041 1252 4096 faoi-

151 4128 218 4164 mua.
254 4113 389 4182 paroemia
405 4131 490 4167 sermo
508 4121 550 4168 est
567 4114 698 4181 occultus,
722 4112 768 4182 qui
787 4113 838 4166 aluo
858 4112 997 4166 manifesto
1011 4107 1152 4164 indicatur.
1187 4108 1252 4164 alle·

150 4180 228 4248 gorio
249 4191 292 4235 est
307 4199 375 4250 queo
392 4182 425 4234 da
440 4181 562 4236 inanimis
581 4183 707 4250 sumitur,
726 4191 755 4235 ut
771 4181 902 4236 montibus
920 4178 1029 4233 collibus
1047 4179 1201 4247 arboribus,
1226 4185 1254 4231 ot

151 4257 252 4302 cetera.
287 4248 446 4333 tropologia,
462 4269 530 4321 quae
544 4270 560 4306 a
573 4252 671 4306 nostrin
684 4252 806 4304 membris
824 4250 938 4316 ducitur,
955 4256 984 4301 ut
1002 4249 1097 4320 capita,
1116 4256 1145 4302 ut
1160 4245 1254 4315 oculis,

149 4326 181 4372 ut
194 4318 322 4388 reliquia3
340 4319 375 4372 ab
392 4323 571 4376 ummntationo
587 4323 727 4376 verborum
744 4337 838 4376 nomen
854 4317 945 4373 babet.

194 4397 294 4469 Georg.
318 4397 448 4452 Cromna
469 4408 530 4456 son.
552 4403 574 4455 1.
1024 4393 1045 4453 7
