3134 4809
415 304 711 375 msuoulffluu
739 304 1030 373 comanorum.
1193 306 1269 378 377

179 476 290 569 ριάδας
311 476 512 566 ἢριθμῆσθαί
535 501 611 569 φησι
636 476 694 545 σὺν
714 476 831 560 νηπίοις
854 478 904 541 καὶ
930 476 1076 561 γυναιξίν,
1098 476 1213 568 ἄνδρας
1235 481 1269 547 δέ

179 582 288 651 ἐκατδν
302 583 376 649 δέκα
388 582 541 671 μυριάδας
557 584 589 649 ἐν
606 587 650 669 τῷ
663 585 743 665 λιμῷ
758 581 809 644 καί
826 586 870 667 τῷ
886 580 1006 666 πολέμῳ
1022 587 1066 669 τῷ
1081 584 1158 669 πρδς
1173 583 1269 667 tillei-

180 693 270 765 λους,
300 688 352 752 καί
376 688 408 752 ἐν
430 694 475 775 τῷ
497 689 686 771 συγκλεισμρό
703 673 729 772 ᾧ
749 679 875 759 ἐαυτοδς
894 679 1037 760 ἑκουσίοις
1060 685 1091 749 ἐν
1115 684 1309 771 δπογαίοιςΒ
1378 715 1383 733 ¹

180 787 284 866 τόποις
304 788 494 855 συνέκλεισαν
514 792 566 855 καί
588 788 793 865 νατίκτειναν,
829 784 1025 873 διεφθορέναι
1047 787 1270 873 συνεγράψατο.

157 894 233 957 ὁκαὶ
246 890 318 969 τοέις
327 893 384 973 μέν
395 892 429 959 ἐν
440 893 522 980 ἀκμῇ
536 896 591 974 τῆς
604 887 720 973 ἡλικίας
733 891 784 953 καί
799 886 940 971 στόματος
953 886 1055 955 κάλλει
1070 891 1271 987 διαφίροντας

181 1002 228 1084 τῷ
241 993 390 1083 θριάμβῳ
401 990 518 1078 Ῥώμης
531 994 665 1079 άχθῆναι
679 994 950 1079 είςθηριομαχίαν,
965 998 1022 1059 τοῦ
1034 991 1128 1060 άλλου
1144 995 1178 1062 δέ
1191 992 1271 1079 πλή-

181 1104 262 1175 θους
281 1098 354 1174 τοδς
372 1098 429 1181 μέν
447 1094 523 1183 όπέρ
539 1095 579 1163 τὰ
593 1093 628 1175 ιζ
643 1095 694 1179 ἐτη
706 1095 778 1172 τοδς
789 1094 846 1177 μέν
857 1096 998 1177 δεσμίους
1013 1098 1055 1173 είς
1068 1096 1108 1161 τά
1121 1096 1190 1164 κατ’
1207 1098 1271 1164 Αί-

180 1225 294 1287 γυπτον
312 1198 386 1286 ἐργα
403 1200 660 1285 ποραπίμπεσθαι
666 1244 678 1277 ,
701 1197 771 1275 τοὺς
785 1200 942 1276 πλείστους
955 1200 989 1265 δέ
1004 1200 1046 1277 τίς
1058 1200 1113 1277 τάς
1127 1202 1274 1289 ἐπαρχίας

181 1300 413 1390 δυερορίζεσθαι
434 1300 691 1392 φθαρησομένους
711 1301 744 1367 ἐν
761 1300 906 1385 θεάτροις
927 1304 978 1367 καὶ
993 1300 1130 1389 σιδήροις
1143 1307 1194 1369 καί
1208 1310 1273 1392 θη-

143 1416 177 1471 10
183 1409 274 1492 ρίοις·
299 1406 370 1483 τοδς
383 1406 466 1484 ἐντδς
480 1407 512 1472 δέ
523 1412 585 1471 τῶν
598 1400 634 1484 ιζ
647 1404 721 1470 ἐτῶν
734 1402 945 1487 αίχμαλιότους
960 1402 1134 1490 ἀπάγεσθαι
1146 1414 1272 1495 πραθη-

182 1510 328 1592 σομίνους
344 1506 515 1588 διετάξατο·
538 1504 654 1575 τοόταιν
670 1508 704 1573 δέ
716 1504 820 1591 μόνοιν
836 1507 889 1577 τὸν
903 1506 1037 1597 άριθμδν
1054 1511 1095 1587 είς
1110 1506 1145 1576 θ’
1158 1508 1274 1599 μυριά-

183 1614 241 1689 δας
259 1612 377 1698 άνδρῶν
394 1616 648 1698 συνθεωρεῖσθαι.

285 1716 363 1781 Τότε
383 1715 423 1799 δν)
441 1718 491 1781 καί
506 1714 594 1797 λιμόν
606 1711 686 1779 κατά
697 1712 752 1795 τὴν
760 1710 879 1797 Ῥώμην
893 1715 969 1801 φασί
982 1712 1122 1799 γτνέσθαι
1133 1720 1270 1782 τοιοῦτον
1286 1715 1310 1771 0

182 1812 225 1894 ὡς
242 1813 319 1904 ὖπέρ
339 1821 468 1905 μυρίους
486 1817 538 1905 ἐφ’
557 1813 684 1904 ἦμέραις
704 1820 818 1883 πλείοσι
833 1818 910 1883 καθ’
926 1813 1044 1905 ἧμέραν
1058 1815 1272 1902 άποθνήσκειν.

142 1932 175 1987 16
183 1916 249 1985 τότε
262 1924 314 1985 καὶ
325 1919 473 1989 κολοσσόν
486 1945 563 2009 φασι
578 1920 651 1997 τοδς
660 1916 795 1998 Ῥοδίους
809 1920 975 2005 δουπῆσαι
988 1917 1100 2007 στήλην
1113 1923 1146 1987 ἐκ
1154 1928 1273 2004 χαλκοῦ

180 2029 225 2112 τῷ
238 2024 311 2102 Διί,
330 2021 437 2091 ἑκατόν
450 2022 618 2091 suomet
629 2025 740 2088 ποδῶν.
776 2055 781 2059 ·

282 2127 378 2193 Μετὰ
399 2128 455 2211 τὴν
477 2134 533 2211 τῆς
551 2124 749 2212 Ἰερουσαλὴμ
771 2122 885 2193 ἅλωσιν
900 2126 1027 2209 Συμεὼν
1044 2122 1060 2193 ὅ
1077 2132 1133 2193 ruri
1146 2122 1274 2193 Κλεόπα

182 2224 235 2293 τόν
249 2226 364 2315 θρόνον
374 2225 591 2316 Ἱεροσολόμιυν
605 2230 784 2310 διαδέχεται.

288 2323 388 2410 Οὗτος
404 2329 543 2418 δΝίριυν
555 2334 666 2413 μανίας
678 2327 790 2415 ἀλόγου
803 2333 951 2413 πλησθεὶς
963 2329 1061 2397 άνεῖλε
1076 2330 1131 2413 μέν
1145 2330 1201 2413 τὴν
1217 2330 1276 2396 αό-

141 2439 238 2499 aurat
253 2435 370 2522 μητέρα
386 2437 438 2501 καλ
453 2433 509 2519 τὴν
524 2433 660 2521 ἀδελφὴν
674 2435 727 2497 καὶ
744 2433 800 2517 τὴν
817 2442 944 2516 γυναῖκα
964 2436 1015 2499 καὶ
1034 2432 1106 2509 τοὺς
1122 2434 1154 2499 ἐκ
1172 2434 1276 2519 γόνους

183 2536 268 2624 αὐτῷ
289 2537 497 2623 προσήκοντας
514 2535 631 2613 πάντας
644 2538 694 2601 καί
706 2542 768 2601 τῶν
782 2532 1009 2619 ἐπισημοτάτων
1020 2534 1177 2617 Ῥωμαίων
1191 2537 1275 2601 πλεί-

183 2664 284 2716 στους.
334 2646 379 2727 τῷ
400 2643 450 2706 καί
472 2638 525 2706 διὰ
547 2638 599 2706 τδν
619 2639 746 2728 αίσχρδν
759 2640 811 2703 καὶ
827 2638 939 2724 ἀσελγῆ
952 2640 1021 2721 βίον
1036 2638 1131 2705 adron
1144 2644 1184 2725 τῇ
1197 2664 1274 2726 τρο.

184 2740 258 2829 πίζη
278 2743 423 2828 κεραυνὸς
442 2742 606 2822 ἐπιπίπτει,
631 2746 683 2808 καὶ
708 2742 804 2821 εόθδς
827 2742 1009 2809 ἐπιτίθενται
1025 2741 1108 2833 αὐτῷ
1124 2741 1201 2819 τινές
1213 2747 1275 2809 τῶν

251 2903 287 2959 20
302 2897 433 2973 ἐκγόνους
449 2905 472 2958 P

183 3056 241 3095 oure
263 3043 389 3097 uxoribua
414 3047 443 3097 et
462 3040 563 3096 liberie.
597 3040 709 3113 periiaee
732 3047 819 3095 autern
841 3042 923 3111 sente,
949 3042 1018 3097 bello
1040 3041 1180 3111 intestina,
1201 3046 1229 3096 et
1244 3040 1273 3095 iu

184 3110 310 3165 eunionlia
325 3112 354 3165 in
370 3128 436 3181 quoe
450 3130 510 3165 aeae
527 3111 594 3164 ultro
611 3111 799 3165 incluseranta
830 3128 863 3165 ue
878 3113 1079 3178 interfecerant,
1097 3114 1215 3164 1100000
1230 3111 1273 3164 vi-

183 3195 240 3231 reo.
276 3179 391 3249 reliquos
414 3182 459 3249 qui
483 3187 571 3233 aetate
589 3180 692 3250 integra
708 3198 740 3233 ae
757 3180 817 3251 pulo
835 3181 949 3234 titudine
966 3179 1084 3249 corporie
1101 3186 1274 3247 praestarent,

183 3248 294 3300 Romam
309 3248 337 3299 in
355 3248 485 3317 triumpho
502 3250 609 3315 ductae,
630 3259 660 3303 ut
676 3249 716 3303 ibi
732 3266 790 3302 ourn
807 3248 899 3303 belluis
915 3250 1091 3301 decertarent.
1126 3248 1159 3298 de
1172 3248 1274 3315 reliqua

184 3318 264 3370 turba
281 3316 326 3385 qui
342 3332 436 3369 annum
453 3318 485 3370 17
502 3317 693 3385 exoeaeieaent,
721 3335 767 3369 eoa
785 3318 880 3385 partim
896 3316 924 3369 in
939 3316 1087 3385 Aegyptum
1102 3315 1136 3366 ed
1150 3328 1216 3383 ορατ
1231 3314 1275 3365 1ο-

184 3385 305 3439 ciendum
321 3385 430 3453 mitade,
454 3384 595 3457 plerosquo
610 3386 638 3438 in
656 3384 807 3467 provintiae
825 3386 939 3451 diviona,
959 3394 987 3436 ut
1003 3384 1031 3436 in
1047 3382 1157 3435 theatrie
1175 3382 1212 3435 ibi
1230 3388 1276 3435 aut

184 3472 202 3509 a
217 3456 284 3508 sarie
299 3464 464 3507 nocerentur.
499 3452 546 3521 qui
561 3462 646 3507 auten
660 3462 729 3507 intra
744 3456 775 3506 17
789 3470 881 3507 annum
897 3452 992 3506 uetatia
1009 3460 1099 3519 erant,
1116 3469 1161 3504 eea
1175 3450 1202 3503 in
1217 3468 1275 3503 eor·

184 3524 295 3578 vitutem
311 3522 407 3578 abduci
422 3539 454 3576 aa
470 3522 578 3574 divendi
595 3522 704 3576 iueaieee
721 3520 827 3588 Titum
851 3532 878 3577 et
900 3522 1015 3575 virorum
1033 3521 1116 3575 luisse
1132 3536 1275 3589 numerum,

184 3594 231 3663 qui
247 3592 376 3665 mancipia
392 3592 600 3661 abducerentur,
617 3594 653 3646 90
668 3590 748 3644 milia.
947 3610 953 3615 ·

254 3696 332 3751 'runo
355 3696 434 3751 etiarn
455 3698 554 3750 Romae
578 3696 652 3750 aiunt
667 3701 766 3749 tantem
783 3692 916 3748 exatitieae
932 3700 1047 3764 pentorn,
1074 3702 1103 3748 ut
1152 3692 1277 3747 rmultoa

185 3764 244 3817 diae
259 3766 377 3835 quotidie
394 3783 475 3837 eapra
491 3768 577 3820 1οω0
592 3764 720 3819 boninum
741 3763 811 3818 elata
827 3763 890 3817 aiut.
923 3772 986 3817 tune
1003 3772 1031 3817 et
1047 3764 1090 3817 Rh
1127 3763 1166 3818 'ue
1187 3763 1277 3817 lerunt

186 3832 323 3889 Coloneum
339 3836 479 3903 etatuieee,
496 3852 600 3889 aeream
616 3841 727 3891 etatum
742 3833 817 3900 lovi,
836 3834 886 3887 127
901 3833 984 3903 pedee
1000 3831 1088 3887 altam.

252 3934 319 3990 Puet
341 3944 443 4008 captam
468 3937 679 4008 Hiereeulymem
704 3937 822 4007 flymena
845 3934 962 4010 Cleopae
975 3936 1045 3991 filiun
1063 3934 1202 4007 episcopua
1219 3934 1277 3989 eiua

183 4002 257 4059 urbia
274 4006 360 4060 taotua
376 4016 428 4061 eet.

253 4106 327 4161 Nero
350 4108 443 4177 plenae
465 4109 552 4163 rabidi
569 4108 665 4162 lurorie
682 4114 789 4161 matrem
812 4123 927 4161 eurorern
945 4121 1103 4175 uxoremque
1117 4123 1179 4161 auae
1196 4124 1275 4163 neue·

185 4174 240 4245 vit,
265 4183 293 4228 et
309 4194 398 4231 aranea
415 4196 478 4231 enea
495 4186 635 4246 cognatae,
658 4174 836 4247 plurimeeque
851 4176 975 4231 nubilium
992 4176 1176 4229 Romanorum.
1212 4194 1260 4247 pro

184 4255 246 4316 pter
261 4253 364 4315 turpem
381 4264 413 4299 ao
427 4247 592 4300 libidinosa·
609 4248 666 4299 eiue
683 4246 763 4300 vitam
778 4264 868 4299 aueuaa
891 4245 975 4315 ipaiue
992 4252 1033 4299 oet
1049 4244 1083 4299 de
1100 4246 1172 4300 eaelo
1192 4252 1274 4299 tauta

184 4315 273 4370 atatim
297 4314 401 4387 quiden
421 4316 541 4387 primarii
563 4316 617 4371 viri
638 4314 748 4371 inuidiae
772 4314 799 4371 oi
824 4320 986 4372 emanant
1020 4314 1111 4387 itaque
1131 4332 1194 4371 auae
1215 4314 1274 4385 ipae
