3134 4809
301 360 347 431 10
656 356 837 426 GEORGII
861 356 1045 425 cunnum

256 541 282 597 D
299 530 358 621 πρό
370 536 427 615 τῆς
439 524 643 615 παραβάσεως
655 536 699 618 τῷ·
714 524 888 621 ἀνθρώπῳ,
908 528 1003 612 διότι,
1023 530 1133 619 φησίν,
1152 526 1256 620 όῦφις
1270 528 1398 620 ἀνθρω-Ι

293 638 365 722 πίνῃ
384 640 473 723 φωνῇ
488 630 616 718 ἐλόλησε
629 638 668 722 τῇ
683 632 761 728 Erip.
811 642 898 700 πόσα
918 636 955 701 δέ
976 631 1193 723 λογικήφόσις
1208 637 1279 701 κατ’
1294 634 1396 702 εἰκόνα

293 744 388 816 θεοῦ,
413 742 511 803 ταῦτα
531 738 566 803 δέ
587 737 643 803 οῦκ
666 739 723 805 εἰσί
745 738 825 805 κατὰ
843 735 943 803 εἰκόνα
959 744 1055 804 θεοῦ·
1079 738 1133 803 τόν
1147 738 1209 826 γάρ
1226 737 1299 826 όφιν
1316 734 1395 821 δμο-

293 846 443 927 λογοῦμεν
466 842 659 925 λελαληκίναι
679 846 718 927 τῇ
740 839 826 932 Εῦῳ,
847 838 949 925 στόμα
970 838 1129 928 γενόμενον
1142 848 1186 931 τῷ
1200 847 1300 931 νοητρῖ
1312 840 1394 931 όφει,

293 944 326 1009 ἐν
343 936 370 1035 ᾧ
386 942 547 1033 ἐνεργήσας
560 942 602 1021 ὡς
616 940 744 1027 συνήθει
759 941 825 1010 ἀντι
836 948 882 1032 τῷ
896 942 1054 1035 ἀνθρώπῳ
1067 946 1153 1033 παρὰ
1166 945 1207 1011 sui
1223 945 1316 1010 λοιπά
1328 951 1419 1029 θεμῦ

293 1050 348 1136 ρίο
374 1048 416 1114 δι’
442 1047 537 1112 αὐτοῦ
560 1042 696 1130 ήπότησε
717 1046 793 1124 τοῦς
814 1042 1026 1136 προπάτορας,
1051 1044 1072 1112 ό
1091 1050 1171 1133 μετὰ
1187 1054 1277 1114 τοῦτο
1294 1049 1346 1112 καί
1360 1050 1394 1115 ἐν

293 1148 429 1233 ἀιμῦχοις
443 1146 577 1229 εἰδώλοις
591 1144 728 1232 λαλήσας
739 1148 870 1227 'referire'
887 1148 982 1216 αότοῦ
996 1152 1185 1219 δελεασθεΐσι
1196 1147 1395 1237 πολυτρόπως

293 1249 537 1339 εἰδωλολάτραις.
586 1253 622 1318 τό
639 1252 673 1318 δέ
686 1250 762 1320 εἰναι
777 1252 831 1321 τδν
843 1251 918 1343 όφιν
930 1249 1100 1341 τετράπουν
1113 1255 1150 1322 τδ
1165 1257 1236 1343 πρὶν
1250 1256 1301 1320 καί
1314 1253 1393 1337 μετὰ

290 1356 348 1439 τήν
361 1355 498 1445 πονηράν
515 1354 667 1442 εἰσήγησιν
680 1353 877 1445 ἐρπυστικόν,
901 1358 953 1422 καὶ
968 1356 1015 1423 ἰόν
1026 1354 1110 1448 αῦτρῦ
1123 1357 1172 1422 ἐπὶ
1184 1358 1240 1442 τὴν
1252 1362 1393 1444 γλῶσσαν

219 1462 244 1515 l’
259 1462 276 1518 5
294 1460 469 1543 ἐντεθῆναι,
496 1460 550 1525 οάκ
568 1460 764 1544 ἀπιστοῦμεν.
814 1457 964 1549 φρόνιμος
976 1460 1011 1525 δέ
1024 1455 1041 1524 ό
1054 1456 1127 1547 ῦφις
1139 1458 1272 1543 ἐκλήθη,
1294 1459 1342 1527 ότι
1355 1458 1391 1525 τό
1401 1472 1437 1526 te

294 1562 415 1648 λογικόν
438 1566 514 1651 ζῷον
533 1562 588 1627 τόν
610 1562 794 1650 ἀνθρωπον,
820 1563 872 1628 καὶ
891 1570 953 1629 τῶν
971 1561 1072 1633 ἄλλων
1083 1561 1221 1652 ἀγχινοίῳ
1235 1563 1394 1651 διαφόρου,

293 1670 447 1745 ἐξαπατᾶν
460 1664 591 1745 ἔμελλεν.
625 1665 712 1731 ἄλλοι
725 1666 761 1731 δέ
771 1691 866 1754 φασιν
875 1666 924 1731 ότι
936 1666 972 1732 οῦ
986 1671 1032 1753 τῷ
1046 1667 1125 1731 κατά
1137 1664 1299 1752 προφορὰν
1313 1662 1394 1753 λόγῳ

292 1765 310 1833 ὃ
328 1768 399 1855 όφις
414 1765 582 1853 ἐχρήσατο·
607 1767 677 1832 ἀλλ’
700 1770 730 1834 οἳ
747 1767 1005 1857 πρωτόπλαστοι,
1025 1767 1078 1835 aire
1096 1770 1202 1844 κακίας
1219 1766 1303 1843 όντες
1319 1768 1395 1848 ἀμι-

227 1876 228 1879 ’
291 1880 370 1955 γιῖς,
396 1867 616 1952 ἀκριβεστάτοις
641 1866 720 1953 εἰχον
739 1874 797 1949 τάς
819 1869 981 1956 αἰσθήσεις
1000 1874 1050 1935 καί
1071 1870 1149 1937 πολὺ
1165 1877 1225 1936 τῶν
1239 1867 1395 1957 ήμετίρων
1442 1908 1447 1917 ·

292 1970 551 2054 διαλλαποόσας,
578 1972 656 2040 ὥστε
676 1974 732 2058 τὴν
755 1974 851 2057 ἀκοὴν
877 1974 980 2040 αῦτιῦν
1001 1972 1102 2059 πάσης
1122 1971 1269 2059 ὑπάρχειν
1289 1979 1393 2062 φωνῆς
1402 1988 1436 2043 15

292 2073 482 2160 ἀκουοτικήν.
534 2078 636 2161 ἐπειδὴ
659 2076 719 2164 γάρ
740 2076 888 2160 βασιλεῦς
905 2076 1006 2164 ὥσπερ
1022 2075 1167 2164 προήχθη
1183 2080 1214 2142 ἐν
1229 2084 1273 2165 τῷ
1286 2075 1391 2165 κόσμῳ

289 2176 308 2244 ό
331 2178 515 2265 ἄνθρωπος,
541 2176 664 2258 εἰκότως
683 2179 755 2245 κατ’
774 2178 875 2248 εἰκόνα
892 2186 972 2247 θεοῦ
984 2181 1169 2266 γεγέννηται·
1187 2179 1247 2245 ἔδει
1262 2180 1323 2267 γάρ
1339 2179 1392 2245 τόν

289 2283 441 2365 μέλλοντα
463 2280 567 2368 όίρχειν
584 2290 646 2349 τῶν
667 2280 769 2348 ἀλλων
790 2281 892 2371 ὥσπερ
905 2284 974 2350 τινά
988 2281 1088 2350 εἰκόνα
1099 2281 1174 2349 εἰναι
1187 2282 1326 2367 ἔμψυχον
1336 2287 1394 2366 τῆς

289 2391 348 2449 τοῦ
368 2388 585 2468 παμβασιλίως
601 2382 795 2471 ὁμοιότητος,
819 2388 875 2454 οῦκ
890 2390 923 2454 ἐν
936 2390 1104 2475 πορφυρίδι
1118 2391 1169 2452 καί
1182 2384 1326 2473 σκήπτρῳ
1340 2386 1394 2451 καί

249 2495 273 2551 Β
291 2484 458 2572 διαδήματι
473 2488 529 2574 τήν
545 2490 631 2568 ἀξίαν
646 2491 850 2577 ἐμφαίνοντα,
876 2491 938 2557 ἐπεὶ
952 2492 1032 2574 μηδὲ
1043 2490 1078 2555 τό
1094 2491 1262 2578 ἀρχέτυπον
1276 2492 1308 2554 ἐν
1318 2484 1436 2559 τοῦ-ω

289 2618 355 2669 τοις
379 2593 459 2658 ἐστίν
464 2639 476 2672 ,
504 2592 573 2657 ἀλλ’
594 2596 685 2683 ἐντῷ
702 2600 915 2678 κεκοσμῆσθαι
929 2600 969 2680 τῇ
983 2594 1149 2685 ἀφθαρσίᾳ
1165 2597 1217 2657 καὶ
1234 2592 1393 2683 ἀθανασίῳ
1442 2620 1446 2627 ·

290 2698 344 2762 καί
358 2697 468 2784 ἀρετῇ·
493 2694 612 2777 τοῦτοις
625 2696 685 2787 γάρ
699 2698 842 2783 τιμηθείς
857 2693 874 2770 ὁ
887 2696 1054 2784 ἄνθρωπος
1065 2697 1122 2781 τήν
1135 2696 1212 2785 πρός
1223 2694 1258 2760 τό
1272 2692 1394 2783 πρωτό-

289 2856 405 2911 minibus
426 2874 493 2913 vnce
513 2876 563 2914 uss
580 2862 651 2914 sunt.
685 2876 744 2915 nam
761 2859 884 2930 (inquit)
900 2877 1011 2931 serpens
1027 2858 1139 2912 huumna
1160 2857 1333 2911 rocelinum
1351 2860 1394 2911 est

289 2926 429 3049 pilecututs.
464 2928 559 3050 omnips
569 2936 656 2983 autem
671 2938 767 3051 nattupa
782 2931 887 2983 ratione
899 2930 1022 3049 praedita
1039 2936 1081 3011 est
1096 2926 1394 3049 seplupdumtimuginen

288 3012 408 3147 ράἰάεεά.
418 3013 530 3119 gaggid:
545 3016 631 3149 meg?
641 3014 729 3149 §giba
742 3006 1054 3135 ἀάάεδάῑῃάεεᾚάόξ
1055 3014 1112 3117 ¹1uitm
1110 3064 1135 3147 is
1150 3013 1210 3117 εόεῐε
1220 3012 1395 3145 ἀοάόωῦάεοεῐίλ

290 3132 1395 3289 τεραεεεεεέιααωειεεεαααίααθαρε*

289 3275 1044 3399 εαααεααεαεειιειἰααιεα
1058 3273 1394 3426 :teneremur

289 3430 394 3465 crorum
418 3412 542 3467 cultores.
585 3430 670 3483 neque
695 3423 783 3467 tannen
807 3430 860 3465 nen
882 3413 1012 3466 credimus
1036 3422 1186 3483 serpentem
1210 3412 1287 3465 mitre
1309 3412 1393 3465 suase

290 3482 502 3551 quadrupedem,
529 3500 561 3534 ac
576 3492 638 3553 post
654 3482 809 3537 malitiosam
826 3482 903 3537 istam
924 3481 1101 3535 inductionem
1116 3482 1186 3537 humi
1203 3480 1327 3551 serpendi
1343 3496 1393 3533 ne-

290 3552 417 3604 cessitate
434 3551 603 3621 adstrictum,
623 3552 781 3623 linguaeque
798 3551 856 3606 eius
870 3553 946 3606 virus
960 3552 1119 3621 impositum.
1154 3559 1265 3603 vocatus
1278 3557 1320 3602 est
1333 3566 1393 3601 ser-

289 3636 357 3689 pens
374 3620 496 3687 callidus,
514 3621 584 3687 quud
600 3622 712 3688 homini,
731 3623 835 3675 animali
847 3624 951 3676 ratione
957 3620 1087 3742 (praedite
1106 3627 1134 3674 et
1149 3620 1259 3688 reliquie
1273 3618 1394 3672 acumine

975 3710 984 3742 u

289 3688 386 3741 ruentis
406 3688 552 3759 praestanti
575 3698 645 3741 esset
665 3690 846 3759 impositurus.
887 3691 933 3743 aiii
986 3699 1047 3743 cunt
1067 3707 1121 3742 non
1145 3688 1278 3757 expressis
1301 3686 1392 3740 verbis

289 3772 365 3809 naum
382 3767 548 3827 serpentem,
572 3758 618 3809 sed
644 3758 729 3827 primo
752 3759 1006 3825 circamanentium,
1029 3766 1060 3811 ut
1078 3768 1123 3812 ete
1145 3760 1179 3811 ab
1204 3756 1274 3808 omni
1293 3755 1393 3809 malitia

287 3842 384 3895 puros,
402 3827 565 3879 acutissimos
583 3826 707 3879 habuisse
724 3844 818 3879 sensus
834 3828 967 3895 multoque
984 3836 1082 3880 nostm
1099 3825 1321 3897 praestantiores3
1336 3824 1391 3877 ita·
1452 3890 1455 3895 Ι

286 3910 340 3963 que
356 3912 405 3947 sue
423 3896 513 3949 auditu
531 3894 617 3949 emnia
635 3896 708 3948 rucis
726 3912 826 3963 genere
841 3896 1003 3965 percepisse.
1038 3896 1142 3965 quando
1169 3896 1238 3946 enim
1261 3893 1289 3946 in
1315 3910 1393 3947 mun-

286 3964 347 4017 dum
366 3964 441 4016 homo
456 3970 579 4035 tanquam
597 3982 645 4019 rex
661 3964 806 4034 productus
822 3964 891 4033 fuit,
917 3964 1094 4019 conveniebat
1116 3981 1175 4018 eum
1196 3964 1230 4016 ad
1251 3962 1392 4033 imaginem

287 4033 332 4086 dei
346 4033 443 4085 factum
456 4052 529 4087 asser
546 4034 645 4107 quippe
659 4034 801 4103 oportebat
816 4050 873 4086 eum
887 4034 933 4105 qui
947 4034 1006 4087 aliis
1019 4042 1090 4088 esset
1101 4034 1291 4101 imperaturus,
1308 4032 1393 4087 veluti

288 4102 428 4171 imagInem
445 4104 575 4171 quandam
589 4104 727 4157 animatam
744 4120 802 4157 εεεε
817 4102 995 4157 similitudinis
1013 4105 1070 4157 eius
1086 4102 1132 4173 qui
1148 4118 1196 4155 rex
1210 4110 1252 4155 est
1264 4102 1393 4167 οιειαίααες

290 4170 337 4239 qui
361 4188 415 4223 nen
437 4188 554 4242 purpura
578 4192 623 4228 εοε
642 4183 683 4226 tro
708 4190 740 4225 ac
764 4171 912 4226 diademate
934 4173 1097 4257 ¹dignitatem
1125 4188 1198 4224 suam
1223 4177 1391 4237 monstraret,

289 4242 394 4308 quanda
411 4246 439 4293 at
456 4242 588 4313 exemplar
605 4193 641 4297 τό
654 4244 725 4313 qued
741 4240 786 4295 ille
800 4242 886 4297 iectus
903 4242 1027 4297 estnihil
1048 4241 1142 4295 horum
1163 4240 1259 4311 habet,
1284 4241 1333 4294 sed
1357 4257 1390 4293 εο

289 4312 361 4377 quod
380 4310 504 4365 interitus
523 4312 657 4367 vacuitate
678 4310 874 4365 immonalitate
898 4329 930 4365 ae
953 4312 1053 4365 virtute
1076 4316 1219 4364 exornatus
1236 4316 1321 4365 assata
1348 4308 1391 4361 iuis

290 4380 360 4435 suin
382 4382 462 4437 rebus
485 4380 625 4439 decoratus
646 4382 724 4440 Ιιοεοο
745 4379 944 4441 sinmtuuaen
965 4379 1160 4453 imaginemque
1180 4378 1338 4451 exemplaris
1356 4379 1391 4432 ad
