3134 4809
308 320 383 395 368
665 320 845 391 GEORGII
869 321 1053 391 GEDRENI

306 492 393 578 ῦμεῖς
414 494 541 582 πονηροὶ
561 490 645 572 ὄντες
666 492 768 561 οἷ’δατε
795 491 915 580 δόματα
937 492 1045 582 ἀγαθά
1069 488 1188 561 διδόναι
1211 503 1275 573 ταῖς
1292 490 1411 575 τέκνοις

305 596 411 683 ῦμοῖν,
435 594 521 686 πόσῳ
540 605 659 683 μᾶλλον
672 596 689 665 ό
704 599 804 685 πατὴρ
825 597 939 684 ῦμοῦνὸ
957 598 1096 687 οὐράνιος
1111 596 1202 665 δώσει
1220 598 1327 684 ἀγαθά
1343 610 1411 681 τοῖς

306 705 444 767 σίτοῦσιν
459 698 551 768 adedo
560 702 588 785 ,·'
615 704 666 769 noi
682 712 746 779 τοῖς
761 706 903 769 δοκοῦσιν
918 702 1010 768 αὐτὸν
1024 708 1143 769 θυσιῶν
1158 702 1319 788 ὀρέγεσθαι
1338 705 1408 787 διη-

303 802 447 892 γόρευσεν
460 802 490 871 ‘d
510 806 585 883 θεός
601 804 683 883 ἐλεος
699 806 784 871 θέλει
799 810 850 871 καὶ
868 806 904 871 οὔ
918 804 1055 883 θυσίας’
1108 808 1159 870 καὶ
1180 814 1244 881 τοῖς
1263 801 1408 887 ῦπολαμ-

302 905 434 991 βάνουσι
448 908 541 974 κακόν
556 907 649 973 adedo
665 906 738 973 cient
752 916 908 993 capereris
924 905 999 991 ἐβόα
1014 906 1147 994 ’γίνεσθε
1162 909 1349 995 οίκτίρμονες
1364 906 1430 987 dre
1545 932 1546 935 ’

198 1018 222 1073 Ρ
237 1020 290 1076 210
304 1014 357 1078 καί
378 1009 395 1077 ὅ
418 1012 519 1098 πατὴρ
539 1007 628 1094 ῦμιῦν
643 1007 659 1076 ὅ
674 1009 836 1095 odpdorog.²
891 1011 943 1077 dcci
963 1014 997 1077 δέ
1012 1012 1084 1089 τοὺς
1100 1012 1316 1094 ἀπατωμένους
1330 1016 1410 1077 πολ-

305 1114 380 1201 λοῦς
398 1114 492 1191 θεοὺς
510 1110 656 1200 ῦπάρχειν
676 1113 735 1200 {pp
751 1111 821 1179 ‘i'vo
844 1112 1015 1199 γινώσκωσί
1033 1140 1067 1181 σε
1083 1115 1136 1181 τὸν
1150 1114 1244 1196 μόνον
1258 1114 1409 1198 ἀληθινόν

305 1216 399 1297 θεόν,
432 1220 483 1283 καί
503 1216 538 1283 ὃν
557 1217 735 1293 ἀπέστειλας
753 1217 872 1300 Ἰησοῦν
893 1215 1030 1305 Χριστόν
1036 1217 1060 1298 ,³
1087 1220 1138 1283 καὶ
1153 1215 1412 1304 ιἐξομολογοῦμαί

305 1347 357 1389 σοι
372 1318 468 1408 πάτερ
484 1317 568 1407 κῦριε
584 1326 640 1385 τοῦ
654 1320 788 1407 οὐρανοῦ
802 1324 853 1385 καὶ
866 1327 921 1404 τῆς
932 1322 1009 1406 γῆς’
1062 1323 1113 1385 καλ
1133 1322 1235 1404 μέντοι
1254 1322 1332 1409 πρὸς
1353 1322 1408 1388 τόν

306 1421 537 1513 ἐπερωτήσαντα
556 1423 737 1509 γραμματέα
752 1426 827 1488 ποία
842 1426 904 1489 ἐστὶ
920 1422 1025 1511 πρώτη
1040 1429 1146 1490 πασῶν
1160 1426 1303 1504 ἐντολῶν,
1330 1424 1408 1491 ἀπε-
1417 1434 1449 1490 1⁰

306 1530 402 1618 κρίθη
419 1525 525 1593 (άκουε
537 1525 677 1613 Ἰσραήλ,
698 1523 803 1613 κῦριος
817 1523 833 1593 ὅ
849 1525 924 1604 θεός
938 1552 993 1593 σου
1009 1524 1113 1614 κάριος
1129 1524 1170 1605 εἷς
1184 1527 1299 1592 ἐστί.”’

405 1629 443 1697 ‘0
461 1633 495 1697 δὲ
509 1632 614 1715 Σίμων
628 1630 758 1696 συνιδὼν
774 1630 821 1695 ὅτι
836 1627 852 1695 ὃ
865 1632 985 1714 Πέτρος
1001 1630 1093 1697 αὐτὸν
1108 1628 1229 1717 συνάγει
1245 1639 1313 1708 ταῖς
1327 1656 1410 1716 γρα-

307 1745 382 1824 φαῖς
406 1739 448 1813 εἷς
470 1733 522 1799 τόν
544 1735 613 1821 περὶ
631 1739 710 1799 θεοῦ
733 1730 840 1820 λόγον,
865 1734 1028 1816 ἐξετασμὸν
1046 1734 1189 1820 γενέσθαι
1206 1733 1250 1817 μὴ
1267 1733 1410 1817 θελήσας

306 1835 478 1923 ἀνεχώρησε
492 1836 570 1918 μετὰ
585 1842 699 1919 πολλῆς
714 1836 859 1920 αίσχόνης
871 1839 923 1901 καλ
935 1834 1037 1920 ἥττης.
1088 1827 1125 1922 ἦν
1141 1836 1201 1924 γὰρ
1218 1832 1234 1900 ὁ
1250 1836 1410 1922 ἐξάγιστος

306 1939 488 2026 πολύπειρος
502 1940 557 2023 μέν
568 1941 600 2003 ἐν
612 1951 679 2016 ταῖς
694 1942 882 2021 διαβολικαΐς
899 1940 1076 2026 ἐνεργείαις,
1103 1938 1226 2024 άπειρος
1241 1939 1275 2005 δὲ
1291 1940 1323 2005 ἐν
1337 1951 1409 2017 ταῖς
1418 1954 1450 2009 15

266 2051 521 2127 Βπνευματικιιῖς
547 2045 766 2120 διδασκαλίαις.
817 2044 868 2107 καί
890 2043 951 2129 γάρ
971 2042 1068 2119 οὕτως
1090 2042 1289 2127 ἐξησκημένος
1311 2036 1350 2127 ἦν
1375 2046 1409 2109 ἐν

304 2157 372 2224 ταῖς
390 2149 529 2232 μαγείαις
549 2149 600 2211 καὶ
619 2139 796 2230 μεθοδείοιις
817 2152 872 2211 τοῦ
891 2148 996 2210 Σατιῖν
1020 2142 1062 2223 ὡς
1080 2144 1135 2211 οῦκ
1159 2144 1252 2222 ἄλλος
1274 2171 1321 2223 τις
1343 2152 1408 2213 τῶν

304 2249 365 2337 πρὸ
383 2250 478 2315 αὐτοῦ
497 2249 603 2333 σχεδόν
618 2252 685 2335 περὶ
702 2259 769 2325 ταῖς
785 2250 974 2332 διαβολικαῖς
988 2248 1131 2327 ἐπινοίαις
1145 2251 1197 2314 καὶ
1210 2250 1408 2337 κακουργίαις
1544 2228 1547 2411 η

303 2353 560 2437 διαβεβοημένου.
611 2349 794 2439 ἀνδριάντας
808 2351 867 2438 γὰρ
882 2352 972 2419 ἐποίει
989 2362 1178 2441 περιπατεῖν,
1205 2354 1248 2429 εἰς
1266 2359 1327 2439 πῦρ
1348 2379 1407 2419 κυ-

304 2454 443 2540 λιόμενος
466 2455 522 2522 οῦκ
543 2456 676 2536 ἐκαίετο,
701 2458 745 2533 εἷς
760 2456 836 2543 ἀέρα
851 2458 979 2536 ἵπτατο,
1005 2457 1038 2521 ἐκ
1056 2458 1154 2521 λίθων
1171 2452 1449 2541 &procedendum

302 2558 424 2647 δράκων
443 2561 569 2645 ἐγίνετο,
596 2564 638 2637 εἰς
649 2559 766 2646 χρυσὸν
781 2556 981 2643 μετεβάλλετο
988 2606 1000 2640 ,
1025 2561 1076 2623 καλ
1091 2560 1134 2634 εἲς
1147 2556 1234 2646 ὄφεις
1248 2561 1300 2623 καλ
1316 2558 1405 2645 ἕτερα

302 2666 366 2753 ζῷα
378 2670 627 2751 μετεμορφοῦτο,
653 2659 846 2750 διπρόσωπος
860 2661 988 2746 ἐγίνετο,
1012 2658 1115 2748 θῦρας
1128 2662 1337 2743 κεκλεισμένας
1352 2666 1405 2727 eoi

301 2767 548 2853 μεμοχλευμένας
559 2764 676 2850 ἤνοιγε,
701 2766 814 2852 σιδηρᾶ
832 2764 930 2847 δεσμοὶ
948 2764 1081 2846 διέλυεν,
1106 2764 1138 2830 ἐν
1149 2766 1280 2843 δείπνοις
1292 2764 1406 2833 ritorto

302 2966 348 3015 tnr
364 2958 473 3029 (Matth-
487 2960 519 3028 9)
533 2953 648 3028 “quodsi
670 2974 735 3028 voe,
756 2958 804 3030 qui
823 2958 885 3015 meli
904 2958 984 3029 estis,
1006 2958 1099 3015 liberis
1115 2960 1214 3015 vestris
1232 2962 1316 3015 nostis
1332 2964 1404 3019 bone

301 3030 372 3083 done
388 3030 533 3099 praebere,
556 3037 654 3097 quanto
677 3028 759 3098 megin
779 3037 857 3097 peter
878 3038 970 3084 vester
993 3028 1115 3083 coelestis
1138 3032 1207 3084 b'one
1225 3028 1354 3101 largietur
1367 3033 1403 3087 iis

301 3098 349 3168 qni
365 3115 381 3150 e
396 3116 427 3151 se
444 3092 597 3167 poscent't'’
631 3096 678 3168 qni
692 3115 750 3151 enor
763 3100 951 3153 sacrificiorum
964 3098 1086 3169 cupidum
1100 3106 1234 3168 poterent,
1253 3100 1287 3153 iis
1304 3102 1405 3157 diserte

304 3167 387 3220 edixit
404 3168 512 3234 (nistth.
529 3168 559 3235 5)
575 3160 798 3221 “misericordiem
822 3186 838 3222 e
858 3171 907 3221 deo
925 3168 1039 3237 requiri,
1062 3184 1116 3221 non
1137 3165 1324 3224 seaffidnml’
1357 3172 1405 3241 qni

302 3244 428 3309 poterent
443 3253 503 3289 enm
519 3254 580 3290 csse
595 3236 704 3304 melum,
721 3255 768 3290 eos
785 3237 825 3291 sic
843 3238 997 3291 exhortatur
1012 3238 1120 3305 (Ioenn.
1140 3240 1185 3306 17)
1202 3233 1406 3295 “misericordes

303 3314 405 3376 estote,
429 3306 499 3360 sicot
522 3314 551 3360 et
572 3317 650 3377 peter
670 3314 760 3359 vester
775 3302 926 3361 coelestis.”
961 3305 1007 3377 qni
1025 3322 1074 3377 per
1090 3324 1206 3361 errorem
1223 3309 1407 3363 existimarent

302 3376 397 3430 multos
415 3392 473 3429 esee
490 3377 572 3443 deos,
595 3378 684 3430 eornm
701 3393 781 3429 oense
797 3376 863 3429 hoec
879 3376 917 3429 eit
937 3376 1048 3443 (Metth.
1067 3378 1112 3444 11)
1137 3371 1184 3430 “ut
1202 3386 1362 3446 cognoscent
1375 3386 1405 3432 te

302 3444 388 3499 solnm
403 3462 495 3498 verone
512 3446 604 3514 deum,
628 3454 656 3499 et
673 3464 750 3515 qoem
767 3445 865 3499 misisti
881 3447 968 3499 Iesum
986 3439 1147 3499 Christum-'⁸
1181 3445 1244 3501 item
1261 3440 1404 3517 “praedico

302 3522 331 3568 te
353 3522 446 3585 peter,
471 3513 576 3567 domine
600 3514 668 3569 cccii
691 3523 719 3569 et
740 3510 857 3569 terrne.’'
896 3524 976 3585 etque
999 3514 1078 3567 etiem
1103 3514 1207 3569 scribes
1229 3514 1405 3603 interrogenti

321 3583 432 3635 nodnsrn
449 3591 520 3636 esset
536 3582 646 3653 primum
671 3582 739 3653 legis
762 3592 948 3655 praeceptum,
973 3583 1110 3653 respondit
1134 3583 1233 3653 (Marci
1252 3587 1298 3653 12)
1323 3580 1405 3639 ‘endi

342 3650 400 3718 sei,
421 3651 539 3704 dominus
557 3652 622 3706 dens
640 3660 701 3706 tnos
717 3654 810 3707 unicos
829 3649 899 3711 eet.”

370 3721 493 3774 Ceterum
511 3719 603 3773 Simon
619 3721 714 3775 videns
731 3739 748 3775 e
763 3723 844 3775 Petro
862 3740 892 3776 se
908 3737 1041 3775 secrernm
1057 3718 1189 3774 literarum
1204 3721 1362 3777 testimoniis
1375 3723 1406 3777 in

300 3788 479 3858 disputetione
502 3790 537 3842 de
561 3789 610 3842 deo
636 3789 665 3842 in
692 3797 777 3845 ertum
801 3789 876 3859 cogi,
903 3790 994 3843 nolens
1017 3790 1141 3843 indicium
1166 3791 1201 3843 de
1222 3792 1405 3847 controversie

298 3857 375 3924 fieri,
402 3858 489 3911 victos
507 3874 565 3911 com
580 3874 674 3926 megno
692 3860 823 3913 dedecore
839 3876 898 3913 sese
914 3858 1047 3913 subduxit.
1084 3866 1142 3913 eret
1159 3860 1228 3913 enirn
1244 3862 1405 3915 scelestiori-

120 3970 126 3977 .
230 3944 234 3950 ·
299 3942 357 3979 mos
371 3926 432 3997 ille,
449 3926 636 3981 diabolicorum
652 3928 819 3982 effectionum
837 3928 1053 3982 instructissimus
1067 3927 1179 4010 peritia,
1197 3930 1245 3983 red
1258 3930 1405 4001 spiritualis

300 3995 437 4050 doctrines
463 4014 568 4081 expers.
604 3996 703 4067 qnippe
730 3999 798 4052 edco
824 3997 877 4051 init
899 3996 1007 4065 magicis
1024 3998 1125 4050 ertrbns
1143 4014 1175 4049 sc
1192 3997 1308 4055 Setsnee
1325 4018 1405 4069 prse-

300 4063 389 4131 stigiis
412 4075 585 4132 exornatus,
610 4074 641 4119 nt
662 4082 752 4120 eornm
776 4067 823 4137 qui
846 4076 908 4121 eote
931 4065 1069 4120 diabolicis
1087 4066 1202 4121 inventis
1220 4086 1251 4123 ec
1269 4068 1405 4123 meleficiis

300 4132 419 4186 celebres
439 4137 547 4190 fnernnt
568 4152 643 4188 nemo
662 4134 742 4188 iecile
761 4153 819 4189 curn
845 4154 876 4191 eo
899 4135 1016 4189 conferri
1039 4144 1139 4204 posset.
1177 4153 1235 4190 nem
1253 4146 1358 4193 etstnee
1375 4146 1406 4193 nt

300 4201 454 4256 incederent
480 4204 629 4271 efficiebat,
656 4212 684 4257 et
707 4204 735 4257 in
757 4204 845 4273 ignem
868 4205 1002 4259 volutetur
1028 4222 1080 4257 non
1104 4208 1244 4276 urebatur,
1269 4208 1298 4261 in
1317 4210 1405 4261 serem

300 4268 472 4339 subvolabat,
496 4274 598 4343 lepides
615 4274 644 4327 in
661 4290 743 4344 penes
762 4276 950 4344 convertebet,
967 4274 1047 4327 dreco
1064 4274 1162 4341 fiebet‚
1180 4274 1207 4327 in
1225 4293 1315 4331 eorum
1331 4284 1360 4329 et
1377 4276 1406 4329 in

300 4356 402 4411 sogoes
418 4338 523 4409 elieqne
539 4343 664 4399 animetis
679 4343 843 4413 edebatur,
868 4344 935 4398 dues
952 4342 1035 4399 decies
1052 4344 1179 4414 gerebat,
1198 4345 1269 4401 iores
1286 4344 1406 4401 ocdusse
