3134 4809
261 322 311 399 το
616 321 797 392 cnoncn
821 318 1004 391 oannem
1062 424 1064 428 Ι

261 491 428 587 ἀνθρωπός
441 496 504 565 ἓστι
518 496 595 586 ζῷον
609 497 730 583 λογικόν
743 490 875 581 θνητόν,
897 491 919 580 ή
933 495 967 561 δέ
979 496 1051 562 θεία
1064 495 1170 586 γραφή
1183 493 1241 580 οάχ
1252 493 1358 574 οὕτως,

262 603 334 670 ἀλλ’
360 598 524 687 ἄνθρωπός
547 603 612 666 ἐστι
631 597 798 684 θεοσεβής,
822 599 995 684 ἀμεμπτος,
1020 602 1149 680 δίκαιος,
1176 599 1360 684 ἀπεχόμενος

260 707 322 774 ἀπὸ
344 704 457 783 παντὸς
477 710 613 791 πονηροῦ
632 702 824 790 πράγματος,
844 701 886 782 ὡς
902 703 952 790 ipe
967 701 1086 781 τούτοις
1100 703 1144 787 μὴ
1161 729 1359 792 μεμαρτυρη-

259 811 352 894 μένος
367 809 437 874 oriri?
449 807 616 894 ἀνθρωπος
627 808 707 872 ἀλλά
721 814 829 890 κτῆνος
843 809 933 873 ἐστίν.
984 805 1039 873 έάν
1053 805 1112 895 γὰρ
1127 806 1180 894 ἓήηη
1192 807 1246 872 τόν
1255 831 1360 892 χαρα-

259 920 359 999 κτῆρα
378 919 435 996 τῆς
455 909 576 1000 φόσεως
596 908 705 998 ὑβρίζῃ
731 911 765 975 δὲ
788 909 881 975 αὐτόν
900 913 1052 1002 τῇκακίρ
1074 917 1130 994 τῆς
1143 910 1385 998 προαιρέσεως,5

260 1015 423 1083 ἀκοόσεται
445 1014 607 1101 παρὰ·τοῦ
629 1013 788 1101 προφήτου
810 1014 947 1098 λέγοντος
965 1010 1156 1102 “ἀνθριοπος
1174 1016 1205 1079 έν
1225 1020 1299 1100 τιμῇ
1317 1010 1361 1078 τόν

262 1121 299 1186 οὔ
330 1127 440 1204 συνῆκε
447 1165 457 1198 ,
491 1116 753 1205 παραουνεβλήθη
783 1126 848 1193 τοῖς
874 1114 994 1199 κτήνεσι
1024 1127 1090 1196 τοῖς
1118 1114 1273 1202 ἀνοήτοις,
1309 1117 1362 1180 καὶ

261 1221 412 1307 ὡμοιώθη
425 1221 559 1298 αάτοῖς.”
612 1219 714 1308 ὥσπερ
733 1223 833 1286 τοίνυν
848 1222 898 1286 καὶ
912 1215 999 1304 ήμεΐς
1015 1218 1247 1297 ἀποστέλλοντες
1259 1217 1361 1304 viimi}

172 1330 248 1389 1³44
264 1327 380 1411 οἰκέτην
397 1327 448 1391 ἐπί
461 1347 529 1390 τινα
545 1329 656 1413 πρᾶξιν
677 1325 802 1411 λέγομεν
821 1320 887 1401 “cic
913 1320 1078 1408 ἀνθρωπος
1101 1322 1183 1408 ἅψαι
1205 1331 1262 1407 τῆς
1281 1319 1363 1410 πρά·

264 1429 362 1510 Erro?
390 1432 441 1494 καί
464 1430 500 1494 τό
526 1428 626 1493 κοινὸν
645 1426 819 1510 ποιούμεθα
838 1426 931 1506 iiiior,
958 1424 1054 1502 οὕτως
1069 1429 1096 1491 ei
1110 1429 1162 1490 καὶ
1177 1424 1287 1504 πάντες
1307 1424 1404 1490 ἰόν-10

264 1539 389 1622 θρωποι
403 1533 554 1616 λέγονται,
579 1529 671 1613 μόνος
685 1531 795 1608 ἐκεῖνος
810 1529 936 1614 ἀληθῶς
949 1531 1029 1596 ἐστὶν
1041 1525 1127 1613 ὅτήν
1143 1527 1244 1595 εἰκόνα
1259 1527 1364 1610 σώζων

266 1640 317 1702 καί
331 1636 365 1702 τὸ
377 1630 575 1721 πρωτότοκον
589 1633 634 1717 μή
650 1625 813 1721 ἀφανίζων.
865 1627 944 1699 εἶπεν
958 1625 1013 1698 οάν
1026 1631 1080 1698 τόν
1096 1631 1175 1715 Ἰὼβ
1197 1631 1365 1720 ἀνθρωπον

266 1743 318 1806 καὶ
330 1737 391 1803 ἀπὸ
404 1744 460 1820 τῆς
471 1736 640 1812 Αάσίτιόος
647 1734 755 1824 χώρας
758 1784 769 1817 ,
792 1735 875 1814 ὅπως
888 1738 921 1802 ἐκ
934 1743 989 1820 τῆς
1000 1733 1143 1821 κομιόσης
1153 1743 1209 1821 γῆς
1221 1734 1277 1820 τὴν
1291 1735 1365 1803 ‹tet-

265 1849 352 1926 βειαν
364 1841 418 1906 τὸν
430 1839 548 1927 καρπὸν
560 1838 750 1924 ἀνυμνήσεις.
802 1838 837 1905 όν
850 1837 867 1904 ὅ
884 1839 1052 1926 ἀρχέκακος
1065 1836 1162 1927 ὃρῶν,
1187 1842 1238 1904 καί
1253 1836 1364 1928 φθόνῳ

264 1942 469 2030 βαλλόμενος,
494 1945 621 2008 αἰτεῖται
634 1943 721 2030 παρά
733 1949 811 2009 θεοῦ
824 1943 877 2010 τὸν
888 1935 968 2008 nort
981 1950 1036 2009 τοῦ
1049 1944 1168 2008 δικαίου
1184 1939 1362 2031 πειρασμόν,
1373 1947 1405 2003 15

263 2053 316 2114 ἵνα
330 2047 368 2115 σε)
383 2045 504 2133 θάρσος
519 2043 632 2134 λάβῃς,
657 2050 707 2112 καὶ
723 2043 833 2132 μάθῃς
849 2044 931 2124 ὅπως
947 2047 1003 2113 oin
1018 2043 1077 2130 ἔήηει
1092 2049 1229 2126 ἐξουσίαν
1246 2047 1365 2128 δαίμων

265 2151 345 2218 κατά
363 2155 532 2232 θεοσεβοῦς
552 2152 602 2214 καί
623 2147 717 2228 όντως
733 2153 924 2237 Χριστιανοῦ
939 2151 989 2214 καὶ
1005 2151 1200 2237 φοβουμένου
1213 2146 1364 2228 τὸνθεόν,

265 2254 319 2320 ἕάν
339 2253 384 2337 μή
405 2251 551 2340 έπιτροπή
568 2251 689 2319 ἀνωθεν
704 2254 827 2338 γένηται
841 2251 864 2337 ή
879 2253 932 2318 διὰ
949 2256 1087 2318 παιδείαν
1102 2251 1121 2338 ἢ
1136 2251 1189 2319 διὰ
1204 2248 1364 2339 συγχώρη-

225 2367 249 2424 Β
267 2383 325 2423 σιν.
376 2355 450 2423 ὅταν
472 2356 532 2443 γὰρ
554 2354 650 2443 ἐπάγη
665 2354 682 2422 ὁ
698 2357 774 2434 θεός
789 2355 1004 2443 παιδευτήρια,
1029 2355 1050 2440 ή
1070 2359 1156 2434 δίκας
1171 2356 1295 2421 ἀπαιτεῖ
1305 2361 1366 2420 τῶν

264 2456 493 2549 ἁμαρτημάτων
517 2457 537 2544 ή
557 2460 613 2544 τήν
632 2461 742 2547 ἀρετήν
760 2457 904 2546 γυμνάζει
921 2467 982 2526 τῶν
996 2462 1090 2526 θείων
1104 2456 1407 2547 κατορθωμάτωνῶ]

265 2565 302 2631 ori
326 2566 386 2652 γὰρ
409 2561 551 2648 ήόυνήθη
571 2569 743 2647 πολεμῆσαι
767 2571 813 2651 τῷ
832 2561 928 2646 Ἷιόβ,
954 2563 1012 2640 ἕως
1031 2561 1194 2651 ίπετράπη.
1246 2563 1298 2627 καὶ
1320 2561 1365 2645 μή

264 2666 450 2755 θαυμάσῃς·
476 2667 548 2732 οὐδὲ
566 2667 626 2756 γὰρ
647 2666 728 2732 κατὰ
743 2669 861 2754 χοίρων
878 2667 1015 2746 ἐξουσίαν
1035 2663 1111 2751 ἔχει,
1135 2665 1244 2744 καθώς
1257 2667 1289 2732 ἐν
1303 2673 1367 2742 τοῖς

333 2829 369 2884 21
388 2823 440 2890 ἔας
456 2844 506 2899 pro
525 2822 565 2890 oie
582 2827 703 2899 reposuit
717 2829 858 2901 Xylander

265 2969 354 3020 antem
370 2961 466 3016 literae
488 2981 540 3017 non
557 2963 611 3031 ite,
634 2981 726 3019 verum
743 2965 794 3019 hoc
811 2966 906 3020 medor
927 2965 1004 3021 homo
1021 2969 1063 3020 eet
1079 2964 1126 3036 qni
1141 2964 1218 3019 deum
1234 2961 1278 3035 pie
1294 2962 1367 3032 coiit,

266 3034 351 3088 inetur
366 3037 421 3099 eet,
439 3038 468 3084 et
484 3033 517 3085 ab
535 3032 605 3085 omni
622 3032 687 3086 melo
704 3035 824 3088 facinore
841 3034 966 3090 abstinet.
1000 3052 1060 3088 nam
1073 3035 1119 3104 qni
1131 3034 1223 3087 harum
1240 3031 1369 3087 virtutum

265 3101 418 3156 testimonio
427 3100 588 3167 destituitur,
605 3118 656 3154 non
669 3103 745 3156 homo
755 3103 801 3156 ille
814 3105 861 3157 aed
869 3104 955 3159 bellue
966 3113 1016 3158 eet.
1035 3103 1138 3158 sienim
1151 3109 1261 3156 naturae
1274 3101 1366 3156 hnma-

267 3189 319 3226 nae
330 3179 418 3224 notam
430 3170 531 3224 habene
548 3171 700 3243 impreeeem
713 3189 770 3226 earn
781 3173 924 3227 voluntatis
938 3173 1072 3244 pren-itate
1085 3173 1259 3241 contaminat,
1276 3170 1369 3226 audiet

266 3241 415 3314 prophetae
424 3240 580 3294 sententiam
588 3241 768 3310 (Perlm.48)=
785 3238 880 3296 “homo
893 3257 950 3297 cnm
964 3243 992 3296 in
1000 3244 1089 3326 pretio
1098 3251 1178 3310 erret,
1190 3259 1241 3295 non
1250 3233 1369 3294 animad-

268 3311 365 3378 vertit,
390 3311 438 3363 red
457 3319 622 3380 comparatur
640 3318 681 3365 eet
699 3311 843 3381 pecu'dibnr
859 3313 960 3381 brutis,
985 3313 1129 3382 similisque
1143 3327 1233 3366 eorum
1256 3303 1371 3364 iactus.”

268 3397 322 3452 quo
338 3380 429 3448 itaque
446 3381 523 3433 mono
540 3398 604 3449 noe,
621 3373 679 3434 curii
695 3382 730 3434 ed
745 3381 858 3453 aliquam
875 3399 932 3436 rem
948 3381 1075 3452 agendam
1091 3381 1172 3435 filium
1189 3391 1235 3434 ant
1248 3379 1369 3434 famulum

267 3449 410 3517 mittimur,
433 3466 492 3501 enm
509 3456 539 3503 nt
556 3450 730 3505 hominemne
747 3451 776 3506 in
791 3470 820 3506 re
836 3469 867 3506 ea
881 3469 975 3522 gerere
990 3451 1122 3519 iubemus,
1148 3459 1227 3521 etque
1241 3452 1280 3504 ita
1297 3467 1368 3502 com·

267 3537 345 3573 mune
367 3535 461 3571 nomen
484 3518 612 3592 peculiari
631 3521 735 3574 ratione
757 3537 928 3593 usurpamus,
954 3521 994 3575 ita
1017 3523 1121 3576 etiamsi
1145 3537 1234 3574 omnes
1253 3519 1370 3572 homines

265 3605 360 3642 momen
374 3585 486 3640 hominis
501 3597 612 3656 gerunt,
633 3590 757 3643 ietamen
771 3593 842 3644 solue
859 3592 935 3646 homo
951 3607 1015 3644 vere
1029 3599 1084 3659 est,
1102 3591 1147 3661 qui
1160 3589 1298 3657 imaginem
1311 3605 1370 3641 rer-

266 3664 314 3710 vet
339 3657 467 3726 primique
491 3655 646 3726 exemplario
669 3659 889 3728 pulchritudinem
910 3678 964 3714 non
980 3661 1119 3714 deformat.
1153 3659 1244 3712 Iobnm
1262 3662 1372 3726 ergoet

267 3724 398 3778 hominem
416 3724 560 3796 appellavit
577 3733 605 3778 et
619 3725 675 3779 eolo
692 3729 813 3782 Anaitide
833 3739 937 3796 natam,
963 3737 994 3783 ut
1010 3747 1027 3783 a
1044 3741 1114 3782 terra
1131 3728 1291 3797 impietatem
1308 3743 1372 3796 ger—

266 3795 383 3849 minante
399 3797 513 3850 irnctnm
527 3793 605 3848 telem
623 3796 721 3849 editum
738 3797 867 3852 celebres.
903 3815 979 3869 quem
1005 3800 1128 3870 princepe
1149 3797 1232 3849 omnio
1250 3795 1310 3849 mali
1327 3795 1370 3848 vi-

267 3866 349 3931 done,
374 3865 475 3919 invidie
492 3872 575 3918 motae
593 3882 610 3918 a
629 3866 679 3918 deo
698 3867 778 3936 petiit
794 3875 824 3919 ut
840 3866 892 3921 eibi
909 3885 1005 3922 vexare
1022 3868 1117 3922 iustum
1136 3865 1316 3936 permitteret,
1342 3872 1373 3919 ut

266 3941 297 3988 tu
311 3950 417 4003 quoque
431 3934 493 3988 hinc
509 3935 594 3987 enimc
611 3935 696 3988 fidene
712 3937 777 4018 iios³
802 3936 920 3989 tentione
941 3936 1047 3991 diaholo
1073 3935 1138 3990 nihil
1162 3951 1220 3987 eree
1243 3934 1372 3988 adversus

287 4003 339 4055 inm
358 4020 474 4073 vereque
493 4005 670 4058 Christianum
688 4013 716 4058 et
735 4005 779 4058 der
796 4005 890 4058 timore
915 4009 1062 4075 praeditum
1086 4003 1241 4075 potestatis,
1268 4003 1320 4058 niei
1345 4003 1371 4057 ei

266 4023 395 4126 iminium
421 4074 458 4125 eit
482 4076 649 4144 permirtum,
677 4074 756 4142 idque
781 4075 826 4127 vel
847 4075 995 4145 castigandi
1019 4093 1098 4129 cauea
1121 4073 1164 4127 vel
1190 4074 1370 4127 concessione.

268 4158 327 4196 cum
341 4141 409 4194 enim
429 4144 628 4212 castigationem
643 4145 723 4197 affert
742 4144 825 4212 deus,
851 4155 898 4200 aut
914 4155 1081 4214 peccatorum
1099 4145 1253 4198 erratione
1271 4157 1371 4214 poenae

269 4211 363 4279 eumit,
383 4219 429 4263 ant
444 4212 559 4267 divinam
575 4215 701 4269 virtutem
720 4223 827 4269 exercet
843 4217 876 4268 ad
894 4215 1031 4278 victoriam
1048 4233 1078 4268 re
1094 4215 1162 4268 bene
1179 4223 1255 4296 gaeta
1273 4229 1372 4284 peren-

269 4281 339 4334 dem.
374 4299 428 4334 non
450 4282 518 4335 enim
539 4283 641 4339 iniussu
665 4284 787 4338 diobolae
810 4285 940 4356 potuisset
964 4285 1056 4338 Iobum
1082 4283 1201 4354 aggredi.
1237 4299 1323 4352 neque
1342 4281 1372 4334 id

268 4351 321 4405 tibi
339 4351 432 4406 miram
449 4350 502 4406 cite
519 4369 578 4407 nam
595 4355 625 4409 im
640 4353 787 4426 evangeliis
800 4353 917 4411 auditum
935 4361 977 4410 cet
991 4373 1025 4412 ne
1040 4354 1069 4408 in
1087 4370 1182 4424 porcos
1197 4353 1301 4425 quidem
1318 4349 1371 4405 nisi
