3134 4809
429 426 725 498 HISTORIARUM
749 429 1042 501 COMPENDIUM.
1213 370 1290 505 4⁸13

192 601 343 684 μίλλοντα
358 597 586 689 προεσήμαινεν.
637 597 749 686 ὁμοίως
764 595 852 686 ήνίκα
863 605 1009 689 χρίεσθαι
1022 602 1082 670 ἴδει
1094 603 1177 684 τινά,
1199 603 1290 672 πνεῦ-

193 729 290 788 ματος
303 701 448 791 ίφίπτιιτο
458 702 551 790 χάρις
564 707 614 769 καὶ
628 705 664 770 τὸ
679 704 781 770 ἔλαιον
793 705 938 790 ἀνεπήδα.
989 710 1039 771 καὶ
1052 717 1205 796 προφῆται
1219 713 1287 793 ἀιη-
1304 711 1329 765 0

193 805 302 873 κάνοον
326 818 390 884 τοῖς
414 805 573 895 πράγμασι
596 807 731 888 τούτοις,
757 811 808 874 καὶ
828 812 938 896 νεφέλη
951 807 1098 886 πολλάκις
1112 816 1161 876 καί
1177 814 1290 890 καπνὸς

193 911 232 977 τά
255 909 354 975 tuoto
374 910 609 995 κατελάμβανεν.
658 915 712 976 ἰ’νοιΙ
733 914 834 977 τοίνυν
848 913 893 996 μή
910 915 1125 996 ἀναισχυντήτε
1140 918 1218 997 μηδὲ
1234 919 1289 979 ἀν-

169 1012 334 1102 asponon
356 1017 516 1099 λογίζησθε
538 1015 595 1098 τήν
617 1011 769 1101 ίρήμωσιν
792 1015 910 1095 αὐτῶν,
939 1013 1007 1099 οάχὶ
1021 1017 1077 1099 τήν
1092 1015 1179 1080 πάλιν
1194 1017 1290 1100 μόνην

194 1119 293 1206 ἀφῆκε
310 1129 411 1184 πεσεῖν
424 1121 475 1182 καί
489 1116 543 1183 τὸν
557 1118 631 1182 ναὸν
647 1119 846 1206 ἐρημωθῆναι
852 1169 862 1198 ,
889 1119 970 1184 ἀλλά
991 1121 1042 1184 καλ
1063 1119 1102 1184 τά
1124 1115 1291 1206 πράγματα

194 1224 306 1299 ἐκεῖνα,
332 1217 408 1308 ἅπερ
425 1222 457 1286 ἐκ
473 1229 534 1286 τῶν
550 1221 687 1308 οὐρανῶν
697 1222 754 1299 τάς
768 1221 865 1308 ἀρχάς
880 1220 971 1305 εἶχεν,
997 1223 1134 1288 innotuis
1148 1220 1290 1308 γενέσθαι

193 1326 344 1408 πεποίηκε.
395 1326 476 1402 τίνος
493 1315 547 1390 οῦν
563 1325 659 1390 ἕνεκεν
676 1325 732 1390 οῦκ
748 1324 828 1409 ἔχετε
844 1332 899 1391 νῦν
913 1324 1075 1414 προφήτας
1093 1326 1166 1391 oaldi
1181 1353 1211 1391 τι
1230 1334 1291 1391 τῶν

194 1433 306 1494 λοιπῶν
327 1428 446 1493 ίκείνων
468 1429 580 1513 θείων,·
606 1427 663 1493 οάκ
687 1427 814 1512 εὔδηλον
829 1427 877 1494 ὅτι
890 1435 947 1496 τοῦ
961 1435 1041 1496 θεοῦ
1055 1430 1094 1494 τά
1112 1431 1191 1494 καθ’
1209 1428 1292 1513 ἀμᾶς

154 1531 459 1619 λθάποστραφίιτοςς
494 1533 545 1596 καί
567 1527 681 1611 πόθεν,
711 1534 802 1619 φησί,
828 1539 918 1599 τοῦτο
941 1536 1053 1617 δῆλονς
1080 1533 1139 1621 ἀφ’
1165 1525 1208 1599 ὧν
1229 1533 1289 1621 πρά

192 1631 302 1701 τοῦτον
316 1635 372 1717 μὲν
385 1634 564 1718 ἀσεβοῦντες
577 1631 750 1720 ίτνγχάνετε
763 1633 893 1715 πάντως,
908 1641 962 1700 νῦν
974 1637 1009 1701 δὲ
1025 1639 1182 1714 δοκοῦντες
1194 1639 1286 1702 ἓπιει-
1303 1649 1329 1702 l)

193 1737 332 1824 κίστερον
358 1740 410 1820 ζῆν
431 1739 509 1818 μετά
529 1739 582 1803 τὸν
601 1735 735 1824 σταυρὸν
757 1740 879 1822 μείζονα
897 1741 1045 1826 τιμωρίαν
1060 1737 1221 1823 ῦπομίνετε
1236 1743 1288 1805 καὶ

193 1841 317 1918 οὐδενὸς
330 1839 496 1906 ἀπολαύετε
509 1847 570 1908 τιῦν
583 1842 754 1929 προτίρων,
781 1839 850 1908 οῦτε
861 1842 924 1928 μὴν
938 1840 1155 1928 ἀπολήψεσθε,
1181 1845 1290 1921 καθὼς

193 1945 225 2009 αἱ
248 1950 333 2010 θεῖαι
359 1942 540 2031 προρρήσεις
565 1947 697 2030 ίναργιῦς
719 1947 872 2027 δηλοῦσιν.
923 1950 950 2012 ελ
972 1944 1201 2029 distortiones,
1237 1949 1289 2012 καλ

153 2057 186 2112 16
195 2045 317 2134 ἕτίροας
329 2046 492 2136 προφήτας
505 2050 707 2136 ίφοπλίσομεν
721 2049 864 2133 λίγοντας
877 2056 1016 2136 φανερῶς
1030 2050 1076 2116 ὅτι
1091 2049 1131 2115 τά
1143 2051 1200 2132 μὲν
1212 2047 1290 2133 ἀμί-

192 2177 266 2239 τερα
287 2151 373 2227 τέλος
392 2148 541 2233 λήψεται,
567 2153 605 2218 τά
629 2153 663 2217 ἀί
683 2149 816 2240 ήμίτερα
830 2151 976 2236 ἀνθήσει,
1003 2157 1052 2218 καὶ
1067 2160 1223 2236 πανταχοῦ
1235 2161 1291 2236 τῆς

194 2255 371 2338 οίκονμίνης
393 2252 595 2337 ίκταθήσεται
618 2255 653 2319 τά
676 2252 834 2340 κήρυγμα,
859 2257 910 2320 καὶ
931 2259 1048 2334 θυσίας
1060 2254 1164 2342 ἕιίρας
1177 2283 1290 2344 προσε-

193 2355 374 2442 νεχθήσεται
393 2353 507 2445 τρόπος
514 2403 523 2434 ,
544 2357 662 2421 ίκείνων
676 2364 737 2422 nto
750 2359 827 2444 παρ’
842 2355 916 2440 ῦμῖν
928 2365 1168 2426 καταλυθεισῶν.
1220 2361 1291 2426 otte*

193 2462 252 2548 γάρ
264 2461 399 2526 Ἡσαΐαν
414 2457 542 2545 παράηω
558 2459 632 2536 τίως
648 2457 793 2546 μάρτυρα
810 2459 880 2526 οῦτε
893 2461 1039 2546 Ἰερεμίαν
1053 2461 1121 2528 οῦτε
1139 2462 1212 2540 τοῦς
1233 2463 1290 2528 ἀλ-

151 2571 265 2641 tolose
288 2563 348 2652 πρό
370 2571 426 2648 τῆς
448 2562 658 2650 αἰχμαλωσίας
663 2610 674 2641 ,
692 2565 746 2628 ’ίνα
764 2563 809 2648 μὴ
825 2563 927 2648 λίγητε
941 2563 989 2629 ὅτι
1002 2564 1042 2629 τά
1058 2565 1142 2630 amo
1156 2566 1291 2630 ίκεῖναά

193 2667 294 2751 ἔλεγον
315 2671 381 2752 περὶ
404 2675 458 2750 τῆς
481 2663 699 2752 αίμμαλιῦσεως
717 2665 820 2750 ίξίβη,
846 2666 925 2732 ἀλλά
947 2671 1118 2751 Μαλαχιάν
1136 2667 1190 2733 τὸν
1209 2669 1288 2750 μετὰ
1305 2684 1328 2738 P
1345 2686 1399 2742 236

193 2769 249 2852 τήν
272 2770 305 2834 ἔκ
329 2771 516 2850 Βαβυλῶνος
537 2769 685 2836 ἐπάνοδον
704 2773 755 2836 καὶ
771 2770 828 2853 τήν
840 2777 896 2854 τῆς
909 2767 1025 2849 πόλεως
1041 2769 1289 2838 ἀποκατάστασιν

193 2879 302 2960 σαφοῦς
325 2873 475 2959 περὶτῶν
496 2871 683 2960 πραγμάτων
695 2871 782 2956 ὑμῶν
794 2872 1057 2964 προφητεύσαντα.
1108 2875 1211 2958 ἐπειδὴ
1227 2876 1288 2963 γάρ

193 2977 366 3061 ίπανήλθον
385 2979 436 3042 καὶ
455 2976 511 3062 τήν
530 2977 619 3044 πόλιν
639 2977 793 3060 ἀπέλαβον
813 2982 865 3045 καὶ
881 2980 936 3046 τὸν
954 2979 1029 3046 ναὸν
1046 2976 1225 3070 ᾠκοδόμουν
1237 2983 1289 3045 καὶ

210 3138 387 3194 atelmtionis.
421 3139 536 3208 itemque
552 3139 576 3194 si
595 3141 653 3210 quis
669 3139 856 3210 inungeretur,
880 3138 969 3208 gratia
981 3139 1091 3212 spiritns
1107 3140 1134 3194 in
1150 3131 1208 3196 eum
1222 3142 1290 3196 insi-

191 3157 274 3261 liebat
291 3216 319 3261 et
335 3209 418 3262 oleum
435 3209 581 3265 resiliebat.
613 3210 700 3280 iisque
715 3213 796 3264 rebus
808 3219 884 3264 vates
896 3219 975 3262 eraut
987 3210 1149 3278 administri,
1166 3227 1198 3264 ee
1210 3228 1291 3282 saepe

191 3275 287 3329 nebula
304 3282 332 3329 at
347 3277 432 3330 sumus
450 3281 483 3332 ad
516 3295 556 3330 um
574 3287 780 3348 occupaverunt.
815 3297 849 3331 ne
864 3275 948 3346 igitar
958 3294 1006 3346 pro
1018 3278 1291 3348 impudentiavestro,

191 3344 353 3400 calamitates
370 3353 473 3399 vestras
507 3346 635 3402 omirilbus
648 3357 772 3419 acceptas
783 3348 907 3414 serram,
924 3361 976 3398 non
988 3346 1063 3399 urbis
1073 3347 1151 3398 modo
1162 3357 1189 3399 et
1198 3349 1292 3420 templi

191 3414 321 3471 excidium
338 3414 398 3468 lieri
416 3415 481 3467 deus
497 3416 634 3485 permisit,
662 3417 709 3470 sed
725 3423 752 3470 et
768 3429 815 3468 eas
831 3433 876 3468 res
892 3429 1001 3483 quarum
1018 3414 1052 3466 sle
1067 3413 1140 3466 eaelo
1158 3415 1292 3486 principia

192 3491 269 3539 erant
292 3503 307 3537 e
330 3483 417 3537 medio
443 3482 558 3537 sustulit.
594 3501 641 3536 eur
660 3484 732 3552 enim
754 3499 824 3537 nuno
842 3491 871 3536 et
886 3479 1023 3552 prophetis
1040 3489 1068 3536 et
1085 3483 1205 3537 omnibus
1229 3485 1291 3538 istis

192 3553 290 3609 divinis
306 3554 386 3607 rebus
403 3551 597 3606 destituiminil
632 3569 718 3606 nonne
740 3552 769 3605 in
792 3561 915 3634 promptu
938 3559 981 3604 est
997 3551 1026 3604 iel
1041 3551 1117 3620 lieri,
1140 3553 1205 3622 quis
1223 3555 1291 3608 deus

190 3641 240 3678 vos
262 3625 421 3677 aversetur?
455 3622 542 3692 unde,
569 3621 651 3689 dicis,
675 3621 703 3674 id
726 3620 833 3690 llquetl
867 3619 930 3673 male
969 3622 1022 3674 uod
1045 3623 1175 3691 quonlam
1198 3624 1291 3676 admo—

191 3694 250 3747 dum
268 3693 343 3762 impii
361 3691 464 3747 inistis:
483 3709 553 3744 nuno
571 3699 657 3744 sutem
671 3697 733 3762 post
744 3690 817 3745 ornei
834 3690 941 3743 altinum
980 3690 1106 3760 hristum,
1122 3707 1181 3744 cum
1198 3692 1293 3744 ridea-

190 3763 256 3816 mini
270 3763 369 3817 rectius
384 3762 493 3832 sisere,
514 3761 651 3831 graviores
667 3759 783 3832 penditis
797 3775 911 3831 poenas,
937 3758 1055 3828 nihilque
1071 3753 1187 3830 prioroni
1204 3761 1290 3814 bono-

190 3847 247 3885 rum
269 3835 349 3887 vobis
376 3833 467 3897 sdest3
493 3847 579 3900 neque
604 3847 670 3884 vero
695 3847 808 3900 unquam
825 3828 924 3898 aderit,
951 3829 1166 3899 quemad-odom
1183 3831 1292 3884 divinae
1372 3885 1380 3898 ,

189 3899 384 3970 praedictiones
400 3900 541 3974 perspicue
557 3901 707 3954 ostendunt.
742 3898 859 3954 vultisne
871 3908 901 3950 ut
913 3897 1004 3968 pluras
1016 3899 1096 3952 etiam
1109 3907 1184 3952 vates
1197 3908 1292 3954 eoum

190 3985 239 4022 vos
258 3970 291 4022 sd
307 3971 431 4025 auxilium
449 3971 621 4038 advocemus,
647 3969 693 4040 qui
719 3968 820 4022 diserte
844 3968 1014 4039 pronuntient
1029 3969 1108 4020 finem
1126 3985 1186 4020 esse
1201 3984 1291 4022 rerum

189 4043 353 4108 vestrarum,
377 4049 482 4094 nostras
506 4057 550 4092 res
571 4038 717 4105 florituras,
745 4053 777 4091 se
794 4053 843 4110 per
858 4045 941 4104 totpss
958 4040 1049 4091 orbem
1066 4047 1238 4108 propagatum
1255 4038 1292 4092 lri

188 4109 374 4179 praeconium,
390 4109 520 4178 aliumque
537 4107 704 4162 sacrificandi
720 4107 824 4161 modum
837 4107 1042 4172 instituendum,
1058 4114 1150 4158 vermo
1164 4107 1290 4162 sublato?

190 4193 255 4232 sane
271 4193 323 4228 non
340 4179 482 4250 producam
504 4185 598 4231 testem
615 4177 721 4231 Esaiam
738 4184 785 4230 aut
800 4176 936 4230 Ieremiam
952 4182 998 4229 sot
1013 4174 1080 4227 alios
1094 4175 1142 4244 qni
1156 4184 1221 4230 ante
1236 4177 1291 4228 lla-

189 4245 340 4316 bylonieum
356 4247 481 4300 vixerunt
496 4241 630 4316 exsilium,
648 4263 681 4300 ns
698 4263 730 4300 eo
745 4244 853 4316 impleta
870 4246 953 4300 luisse
970 4243 1064 4296 dicatis
1080 4259 1151 4314 quae
1166 4245 1206 4298 llll
1223 4245 1292 4299 mala

189 4315 282 4370 minati
299 4321 371 4369 sunt:
391 4315 439 4368 sed
456 4315 628 4384 Malachiam,
648 4313 693 4384 qui
714 4323 775 4386 post
791 4323 908 4369 vestrm
928 4331 963 4367 ex
979 4311 1116 4382 Babylone
1131 4314 1246 4369 ndiwm
1263 4322 1292 4367 et

188 4386 262 4440 urbis
280 4384 494 4438 instaurationem
512 4384 651 4438 evidenter
665 4385 699 4438 de
716 4385 814 4438 vestris
829 4386 911 4437 robus
927 4391 970 4437 est
981 4381 1151 4437 vaticinatus.
1186 4383 1290 4449 iserge

189 4473 247 4512 oum
264 4455 356 4511 ludaei
371 4454 399 4509 iu
417 4453 529 4524 patriam
544 4455 648 4510 mversi
663 4455 754 4510 urbem
771 4453 950 4525 rsospisssnt,
968 4451 1089 4523 templum
1102 4453 1290 4508 aaiitieasseut
