3134 4809
368 271 373 280 ¹
415 325 714 396 merommum
738 325 1030 398 commutem
1197 326 1274 404 ιιι

178 525 264 586 ματα
276 492 436 587 πάράδοξιι
443 529 456 586 ,·
480 501 561 579 τίνος
574 490 628 566 osis
644 497 741 567 ίνεκεν
752 496 848 566 πόλαι
860 501 916 583 μίν
928 500 1105 584 ἀσεβοῦντες
1115 507 1166 571 καὶ
1179 508 1276 593 μυρία

180 602 432 690 διαπραττόμενοι
454 602 537 671 δεινὰ
561 601 711 686 τοσαότης
732 603 850 681 εὐνοίας
873 603 1066 686 ἀπηλαόσατε
1089 609 1174 696 πορά
1197 616 1277 676 θεοῦ

181 709 234 774 καί
252 710 439 795 προστασίας
457 709 508 775 καὶ
526 709 735 794 προμηθείας,
767 712 823 772 νῦν
844 708 879 772 δὲ
901 705 968 772 ndns
989 711 1275 801 είδωλολατροῦντες

182 809 251 878 odes
270 813 536 888 παιδοκτσιοῦντες
550 812 582 875 ἔν
597 810 790 900 αἰχμαλωσίᾳ
802 813 853 876 καὶ
866 813 1056 902 ταλαιπωρίᾳ
1071 812 1204 899 διόγετε;
1229 817 1274 901 μὴ

156 914 241 1000 ὁγὰρ
265 915 364 1000 ἵτερος
384 907 421 999 ἦν
440 915 515 992 θεός
531 911 598 980 τότε
618 917 668 979 καί
691 913 792 1001 ἕτερος
811 919 882 997 seir,-
907 915 963 980 οὐκ
988 914 1081 993 αότός
1100 917 1165 982 ἐστι
1182 922 1233 983 καλ
1256 917 1274 985 ὅ
1301 924 1304 937 ’

181 1019 279 1082 ineisa
297 1020 464 1102 οἰκονομῶν
484 1019 535 1082 καί
555 1023 653 1084 ταῦτα
671 1025 725 1083 νῦν
743 1014 940 1102 ἐργαζόμενος
946 1046 959 1102 ,·
984 1019 1099 1098 διὰτί,
1119 1018 1168 1087 ὅτε
1183 1024 1275 1104 μείζω

181 1121 238 1202 μίν
255 1111 294 1204 ἦν
310 1121 350 1186 τὰ
366 1118 588 1208 ἁμαρτήματα,
614 1119 711 1205 πολλὴ
725 1117 800 1200 δόξα
815 1117 889 1206 ἀμΐν
900 1113 939 1207 ἦν
952 1121 1036 1210 παρὰ
1052 1129 1146 1203 θεοῦ,
1172 1123 1221 1190 ὅτε
1241 1126 1277 1190 δὲ

181 1220 327 1289 ἓλόττονα
341 1229 538 1309 πλημμελεῖτε
555 1230 641 1304 νῦν,
650 1229 804 1302 παντελῶς
816 1221 899 1307 δμιῖς
913 1225 1093 1314 ἀπεστράφη
1104 1231 1154 1292 καί
1167 1227 1273 1320 ἀτιμίη
1290 1235 1316 1291 c

181 1327 355 1415 παρίδωκεν
377 1326 553 1417 ἀπεράντηις
577 1327 657 1392 ἀλλὰ
670 1326 727 1393 κάν
738 1324 825 1411 ὑμεῖς
839 1325 995 1414 σιγῆσητε,
1021 1331 1051 1395 οἱ
1066 1333 1150 1396 λίθοι
1164 1331 1276 1420 κεκρό-

142 1434 295 1508 tolomeus.
345 1430 446 1516 ἐπειδὴ
467 1431 526 1517 γὰρ
550 1430 629 1497 κατά
650 1438 706 1497 τοῦ
728 1428 876 1498 δεσπότου
900 1433 958 1510 τὰς
979 1444 1084 1520 χεῖρας
1106 1436 1276 1517 ἐξετείνατε,

183 1533 237 1598 ded
256 1537 347 1600 τοῦτο
368 1534 423 1600 cdx
442 1531 525 1600 ἴαται
545 1531 617 1616 dmin
639 1531 808 1622 διόρθωσις
823 1535 894 1602 odd?
909 1534 1070 1622 συγγνώμη
1085 1539 1191 1603 λοιπόν
1205 1540 1277 1606 οὐδὲ

182 1637 342 1722 ἀπολογία.
391 1635 458 1703 τότε
480 1639 536 1721 μίν
555 1638 614 1724 γάρ
635 1640 678 1715 τίς
700 1635 830 1716 δοόλοος
843 1629 881 1723 ἦν
894 1639 934 1705 sd
949 1639 1146 1724 τολμώμενα,
1169 1648 1223 1708 τάν
1242 1643 1276 1708 δὲ

182 1739 281 1806 πάντα
296 1741 393 1806 ἐκεῖνα
405 1740 444 1806 sd
457 1741 574 1806 meiuod
590 1747 698 1829 σαφῶς
710 1739 905 1828 ἀπικρόψατε
921 1743 973 1808 διὰ
987 1750 1042 1828 τῆς
1054 1749 1097 1820 εἰς
1108 1745 1162 1810 τόν
1175 1747 1276 1812 κοινδν

182 1839 331 1926 δεσπότην
353 1843 491 1932 Χριστόν
512 1845 633 1928 μανίας.
683 1842 758 1910 ὅθεν
780 1849 830 1910 καί
852 1843 995 1929 μειζόνως
1011 1847 1197 1928 κολάζεσθε,
1222 1851 1276 1916 καὶ

141 1946 251 2014 16οὐδ’
277 1945 374 2024 οὕτως
394 1947 543 2031 ἀπέχεσθε
565 1953 620 2031 τῆς
637 1954 785 2032 πατρικῆς
804 1950 1023 2036 ίμβροντησίας
1036 1977 1069 2016 τε
1085 1955 1135 2016 καί
1149 1949 1274 2035 λόσσης,

180 2045 295 2114 πλόκον
317 2049 409 2116 odedu
431 2054 482 2115 καὶ
502 2047 681 2140 παράνομον
698 2051 928 2131 ἀποκαλοῦντες.
980 2056 1094 2139 clymis
1108 2048 1275 2140 πλόνοςῆν

181 2147 198 2216 d
214 2150 369 2240 Χριστός,
393 2150 435 2230 ὡς
451 2155 547 2241 φατέ,
571 2157 623 2218 καί
639 2151 815 2241 παράνομος
820 2204 831 2235 ,
857 2158 949 2244 ἐχρῆν
960 2163 1079 2241 μᾶλλον
1090 2155 1173 2240 δμιῖς
1184 2161 1314 2224 eddo-D

120 2265 123 2272 '
182 2262 326 2340 κιμῆσαι,
353 2257 400 2322 ότι
421 2255 513 2322 αὐτὸν
533 2255 730 2322 ἀπεκτείνατε.
781 2261 809 2324 τί
824 2259 884 2345 γὰρ
903 2262 1007 2338 Φινεὲς
1024 2263 1076 2326 ἕνα
1091 2263 1159 2327 ‘cond
1174 2288 1278 2348 παρα-

180 2365 332 2442 νομοάντα
348 2358 461 2426 ἀνελὼν
476 2355 641 2446 ὁλόκληρον
654 2359 711 2442 τὴν
725 2361 805 2424 κατά
821 2367 878 2426 τοῦ
890 2359 1002 2439 ίθνοος
1016 2362 1111 2449 ἀργὴν
1123 2367 1277 2430 κατέπαυ-

139 2473 234 2528 2οσιν
256 2462 349 2547 (ίστη
372 2462 433 2551 γὰρ
458 2463 562 2538 Φινεὲς
585 2463 637 2526 καὶ
659 2459 837 2545 ίξιλόσατο,
862 2467 912 2528 καί
933 2461 1079 2532 ἐκόπασεν
1095 2463 1116 2550 ἢ
1131 2475 1278 2555 θραῦσις,

183 2566 234 2628 καὶ
251 2562 394 2649 ἐλογίσθη
415 2565 499 2654 αὐτῷ
522 2568 565 2644 είς
588 2562 821 2650 δικαιοσύνην),
846 2572 950 2656 πολλῷ
972 2574 1090 2650 μᾶλλον
1112 2571 1165 2656 ἐφ’
1189 2567 1278 2654 ἀμῶν

182 2665 244 2732 ides
257 2672 347 2733 τοῦτο
359 2669 517 2754 γενέσθαι,
538 2668 571 2738 εί
577 2693 611 2756 γε
624 2663 802 2758 παράνομος
813 2661 853 2757 ἦν
866 2667 884 2736 δ
896 2668 957 2760 ἀφ’
971 2668 1059 2758 ἀμῶν
1075 2674 1279 2762 στανρωθείς.

182 2960 253 3032 rius,
278 2965 332 3018 tum
350 2961 475 3020 miraculo
492 2967 521 3018 et
535 2963 658 3036 prodigio
672 2963 799 3021 inusitato
815 2965 920 3023 edidit?
953 2985 1001 3022 cur
1017 2967 1079 3024 olim
1094 2972 1169 3024 lente
1182 2968 1278 3041 impie-

182 3037 238 3086 tste
255 3033 378 3088 obstricti
394 3043 422 3090 et
436 3040 477 3090 tot
491 3035 601 3104 degitiis
618 3051 649 3088 ec
665 3035 810 3090 sceleribus
833 3035 952 3106 cooperti
970 3037 1047 3091 deum
1066 3039 1105 3091 ite
1121 3041 1277 3094 benevolum

182 3101 325 3223 inliti
342 3104 711 3228 tii‘linltlllln
730 3112 905 3228 illiniti
916 3108 1178 3230 :fritinnit
1191 3126 1278 3232 ”tlt

183 3237 236 3292 misi
253 3240 375 3293 fortassis
392 3241 459 3294 nlius
476 3259 545 3296 nunc
560 3251 601 3296 est
617 3259 693 3312 quem
708 3243 837 3313 quondum
851 3244 931 3310 deus,
954 3259 1041 3312 neque
1056 3245 1126 3296 idem
1142 3253 1171 3298 et
1187 3247 1194 3260 ’
1214 3265 1231 3298 e
1248 3255 1277 3301 et

183 3307 249 3360 lsseo
273 3307 337 3376 egit.
373 3309 471 3379 alioqui
494 3327 541 3363 eur
564 3327 612 3365 vos
635 3319 709 3364 tento
733 3311 763 3364 in
786 3311 874 3380 pretio
895 3311 1046 3380 imbuisset,
1071 3328 1130 3364 cusu
1152 3315 1278 3381 graviore

183 3375 379 3432 committeretis
396 3385 519 3462 peruste²
544 3395 615 3434 nunc
626 3396 691 3432 vero
709 3395 765 3432 cnm
783 3381 868 3434 minue
883 3377 1050 3450 delinquitis,
1073 3380 1177 3432 omnino
1199 3401 1278 3436 ever-

183 3455 256 3500 sstus
278 3445 398 3500 infinitae
419 3447 578 3516 ignominiae
600 3449 764 3517 exponeret?
807 3457 836 3501 et
867 3451 936 3502 enim
960 3451 1039 3502 vobis
1063 3450 1213 3504 tacentibus
1235 3453 1279 3505 vel

183 3515 286 3587 lepidos
308 3517 535 3571 vociferabuntur.
569 3535 602 3570 ex
626 3532 680 3587 quo
705 3516 772 3570 enim
797 3533 889 3570 monus
910 3516 1013 3572 domino
1029 3519 1171 3586 intulistis,
1196 3537 1279 3591 pom-o

182 3603 270 3656 neque
290 3588 418 3640 comestio
437 3587 513 3640 vobio
529 3585 631 3656 relique
656 3592 697 3640 est
716 3603 802 3656 neque
822 3585 902 3640 venis
929 3603 1014 3657 neque
1033 3587 1183 3642 defensioni
1207 3590 1280 3645 loeus

184 3663 233 3710 eet.
270 3673 329 3710 num
354 3655 456 3728 priores
477 3663 583 3711 vestroe
604 3653 718 3710 iniurius
740 3655 769 3708 in
793 3671 885 3710 servos
902 3665 979 3711 erent
996 3659 1133 3727 profectus
1155 3660 1281 3714 erobiss

184 3723 292 3778 christo
315 3737 401 3780 entem
422 3741 472 3796 per
488 3727 614 3780 insanium
635 3725 751 3780 necundo
769 3727 861 3796 priore
875 3733 965 3780 vestre
982 3728 1083 3781 sceiere
1099 3726 1163 3780 novi
1180 3730 1283 3798 megui-

183 3793 274 3846 tudine
299 3795 472 3850 oblitcrsstis.
507 3796 590 3850 esde
607 3811 772 3850 censsnuue
789 3795 954 3865 gressionibus
978 3795 1114 3867 suppliciis
1134 3797 1281 3854 efficimini.

184 3867 212 3914 et
231 3869 318 3916 temen
335 3882 369 3920 ne
386 3867 425 3919 sic
442 3863 546 3934 quidem
570 3864 696 3919 meierum
722 3873 870 3919 vestrorum
891 3866 1053 3923 rsecordism
1076 3874 1157 3935 etque
1179 3868 1281 3922 rabiem

183 3929 330 4001 deponitis,
356 3935 404 3988 sed
429 3934 568 3990 etiamnum
589 3934 723 3989 Christum
744 3935 915 4005 impostorem
937 3943 1018 4005 etque
1041 3935 1109 4004 lepis
1126 3935 1281 3993 violatorem

182 3999 332 4070 eppellutls.
366 4003 413 4072 qui
431 4003 455 4056 si
470 4003 530 4058 tslis
547 4004 642 4058 luisset
658 4004 759 4073 quelem
773 4021 822 4059 voe
835 4004 940 4074 dicitis,
956 4012 1067 4076 propter
1080 4022 1169 4060 necem
1184 4008 1209 4059 el
1222 4007 1281 4061 ills-

182 4077 237 4121 tsm
254 4085 304 4122 voe
320 4071 414 4124 melori
432 4072 509 4126 etiem
524 4090 601 4142 quom
617 4081 677 4127 sule
694 4074 721 4126 in
740 4073 935 4128 existimetione
958 4092 1018 4130 esse
1039 4075 1223 4129 conveniebst.
1258 4076 1283 4130 si

183 4135 252 4191 enim
267 4137 383 4193 Phineos
400 4157 451 4194 uno
467 4141 533 4212 legis
547 4141 676 4196 violatore
692 4143 823 4198 trucidato
840 4144 905 4199 irem
920 4142 978 4210 dei,
1003 4158 1073 4213 quse
1090 4154 1183 4198 contre
1198 4153 1282 4200 totum

183 4216 320 4262 exarseret
337 4208 474 4279 populum,
521 4209 617 4265 lecerit
646 4213 752 4278 (stubei
767 4213 852 4282 enim,
875 4213 915 4265 uit
929 4211 1075 4284 scripture,
1100 4211 1231 4283 Phineos,
1255 4223 1284 4268 et

182 4277 304 4348 pleesbst
321 4279 413 4347 deum,
439 4296 471 4332 sc
509 4279 571 4334 esiit
586 4279 703 4350 oeuidio,
728 4299 760 4335 ee
779 4298 813 4334 ne
828 4299 872 4336 res
888 4281 928 4334 llli
943 4281 1062 4336 iustitiae
1080 4281 1138 4336 loco
1155 4284 1282 4356 imputem

183 4349 262 4420 est),
278 4355 377 4420 quanto
393 4348 476 4420 magn
492 4349 627 4428 eoeneum
643 4349 683 4406 its
698 4349 743 4424 egi
755 4299 862 4422 debuit,
879 4351 903 4408 si
919 4351 1025 4423 quiden
1040 4351 1066 4408 is
1082 4367 1159 4425 quem
1175 4355 1204 4408 in
1220 4369 1280 4408 eru·
