3134 4809
277 370 327 443 28
495 440 498 447 ,
634 372 813 442 GEORGII
837 372 1019 445 cuuuuut
1115 418 1119 423 ·

273 544 309 611 τό
322 552 442 631 πρῶτον
455 543 521 623 έτσς
534 545 688 634 Ἀβραάμ
703 544 754 631 έτη
769 544 858 632 γτιβ.
896 550 947 613 καί
963 546 1039 630 μετά
1057 550 1144 635 ἕτερα
1159 548 1200 616 οέ
1215 548 1266 636 έτη
1281 553 1368 635 έξῆλ-

273 656 332 713 θεν
344 650 377 713 έκ
392 646 533 737 Χαρράν,
548 648 737 736 παροικήσας
750 656 793 728 είς
808 658 864 737 γῆν
878 652 1009 717 Χαναιλν
1024 654 1080 736 τὴν
1091 661 1145 718 νῦν
1158 656 1368 739 Παλαιστίνην

271 752 441 837 λεγομένην.

344 874 346 879 ’
369 849 467 920 Ὅτιό
484 850 587 920 Φάλεκ
603 854 662 943 πρὸ
683 862 738 921 soii
756 855 871 941 πατρὸς
890 856 986 923 αὖτοῦ
994 855 1093 945 Ἔβερ
1105 863 1244 948 τελευτᾷ,
1269 857 1365 925 σονά·

271 980 355 1042 γεῐαι
372 960 405 1023 δέ
422 955 573 1024 trintina
588 958 638 1041 έτη
655 958 714 1023 ἀπό
729 964 786 1023 τοῦ
797 959 909 1041 Ἀδάμ
925 962 973 1024 έπλ
995 961 1050 1045 τὴν
1069 968 1125 1027 τοῦ
1141 960 1244 1027 Φάλεκ
1259 968 1389 1027 πελεν-5

270 1060 326 1143 τὴν
340 1060 390 1145 έτη
404 1062 563 1148 τρισχίλια.
589 1061 677 1125 ἔνθεν
690 1061 788 1149 ἀρχὴν
802 1069 864 1127 τῶν
875 1059 1064 1147 Ἑλληνικῶν
1076 1070 1159 1130 θεῶν
1173 1062 1365 1147 λαμβάνουσι

269 1162 308 1229 τά
327 1162 471 1245 ὀνόματα.

367 1262 540 1349 Ἐγεννήθη
557 1264 591 1330 δέ
607 1264 640 1329 ἐκ
653 1268 708 1348 τῆς
727 1271 827 1354 φυλῆς
839 1274 894 1333 τοῦ
906 1266 978 1349 Σὴμ
995 1266 1073 1353 ἀνὴρ
1086 1266 1185 1350 όνομα
1199 1271 1287 1346 Χοῦς
1302 1271 1364 1333 Αί-

268 1369 352 1451 θέοψ
359 1416 369 1447 ,
394 1368 429 1445 ὃς
443 1369 576 1455 ἐγέννησε
590 1360 643 1433 τόν
657 1370 791 1458 Νεβραλδ
805 1370 858 1434 τὸν
871 1370 926 1453 τὴν
938 1374 1111 1453 Βαβυλῶνα
1126 1375 1287 1449 κτίσαντα,
1311 1372 1363 1437 τόν

229 1474 321 1535 cuni
343 1471 475 1559 Ὠρίωνα
495 1472 705 1555 ἐπικληθέντα.
755 1464 843 1548 οὗτος
864 1473 994 1549 δυνατός
1015 1470 1171 1557 γενόμενος
1188 1476 1362 1554 ἐβασίλευσε
1371 1481 1405 1535 10

268 1580 389 1660 πρῶτος
402 1578 450 1641 έπί
465 1582 519 1658 τῆς
535 1582 590 1658 γῆς
604 1577 636 1639 ἐν
646 1582 709 1649 τοῖς
721 1573 921 1662 Ἀσσυρίοις·
947 1575 981 1653 ὃς
995 1578 1045 1640 καὶ
1057 1573 1228 1658 ὠνομάσθη
1243 1576 1364 1663 Κρόνος

269 1680 312 1755 είς
327 1680 382 1761 τὴν
395 1680 565 1759 ἐπωνυμίαν
578 1682 632 1741 τοῦ
647 1673 807 1760 πλάνητος.
857 1671 946 1756 οὗτος
960 1678 1028 1761 ἴσχε
1043 1687 1170 1763 γυναῖκα
1186 1680 1218 1742 ἔκ
1232 1686 1287 1760 τῆς
1304 1680 1362 1743 αὖ·

268 1788 324 1863 τῆς
338 1787 446 1865 φυλῆς,
469 1780 654 1863 καλουμένην
666 1782 845 1869 Σεμίραμιν.
874 1781 952 1865 αὕτη
966 1792 1030 1858 τοῖς
1041 1791 1190 1863 ποταμοῖς
1203 1782 1361 1867 περιέβαλε

269 1876 395 1965 στόμια,
422 1885 471 1947 καί
490 1882 546 1957 τάς
562 1883 749 1964 καλουμένας
768 1887 944 1970 πυραμίδας
965 1882 1110 1970 ἀνήγειρε.
1169 1882 1283 1969 ταύτην
1309 1888 1361 1951 καί

264 1983 348 2069 Ῥέαν
361 1982 523 2069 ὠνόμασαν
538 1982 579 2062 ὡς
594 1988 625 2049 έν
638 1986 763 2070 δυνάμει
778 1990 829 2051 καί
841 1990 961 2077 ἐξουσίᾳ
973 1992 1022 2052 καί
1034 1985 1254 2073 ὑπερβάλλοντι
1269 1986 1358 2077 φόβῳ
1369 1978 1403 2059 Ῑό

266 2094 327 2152 τῶν
342 2086 514 2173 ἀνθρώπων
535 2086 699 2174 ἄρχουσαν.
750 2089 828 2173 αὕτη
845 2088 866 2171 ἢ
882 2093 1051 2177 Σεμίραμις
1071 2091 1155 2171 ἴσχεν
1175 2090 1243 2155 υἱόν
1267 2083 1303 2156 mi
1323 2093 1358 2157 τὸ

264 2188 362 2273 ὄνομα
376 2195 490 2271 Πῖκσς,
522 2190 557 2267 ὃς
577 2194 626 2256 καὶ
647 2190 873 2277 μετωνομάσθη
890 2192 985 2270 Ζεύς·
1010 2197 1060 2258 καλ
1083 2193 1195 2270 άλλους
1217 2194 1252 2257 δέ
1275 2193 1359 2277 ἴσχεν

190 2326 196 2331 ·
262 2294 348 2371 υἱοὺς
364 2292 467 2377 Βῆλόν
487 2320 519 2359 τε
535 2298 585 2360 καί
603 2298 706 2373 Νῖνον,
732 2300 782 2361 καί
803 2298 960 2383 θυγατέρα
976 2294 1152 2383 τῆνἭραν.
1204 2298 1255 2360 καί
1274 2294 1359 2379 ὁμέν

223 2400 248 2457 D
265 2402 375 2476 Νῖνος,
410 2396 444 2475 ὃς
458 2400 508 2461 καί
527 2398 581 2480 τὴν
596 2401 701 2478 Νινευί
716 2399 772 2484 τὴν
789 2399 923 2485 μεγάλην
940 2400 1052 2481 έκτισε,
1080 2400 1134 2484 τὴν
1147 2402 1227 2465 ἰδίαν
1240 2402 1359 2487 μητέρα

262 2503 431 2585 Σεμίραμιν
452 2500 519 2583 έσχε
537 2511 674 2586 γυναῖκα.
726 2501 767 2580 ὡς
789 2505 822 2568 δέ
841 2502 1036 2589 Ἀφρικανός
1058 2529 1151 2589 φησι,
1182 2505 1232 2566 καί
1255 2505 1398 2589 ένερονω

260 2604 327 2668 υἱόν
343 2604 427 2687 ἴσχεν
442 2601 587 2692 όΚρόνος
600 2605 653 2669 τὸν
669 2604 811 2692 ”Αφρον,
827 2608 859 2683 έξ
872 2598 1057 2693 οό”Αφροε·
1078 2605 1114 2681 ὃς
1126 2602 1357 2689 γήμαςἈστυ-

260 2708 356 2791 νόμην
371 2710 489 2792 ἐποίησε
506 2708 663 2795 θυγατέρα
676 2710 731 2791 τὴν
741 2710 946 2796 Ἀφροδίτην.
996 2706 1013 2773 ό
1028 2710 1061 2774 δέ
1077 2707 1197 2793 Κρόνος
1212 2711 1357 2786 ἐξωσθεὶς

259 2818 315 2890 τῆς
332 2814 489 2892 βασιλείας
510 2809 568 2877 tut
588 2820 641 2877 τοῦ
663 2814 741 2876 ἰδίου
756 2813 825 2876 υἱοῦ
839 2810 937 2891 Διός,
971 2811 1130 2877 κατελθὼν
1152 2812 1184 2875 έν
1207 2818 1246 2898 τῇ
1270 2809 1356 2877 δόσει

260 2923 368 2999 κρατεῖ
383 2919 438 2995 τῆς
458 2914 602 2989 Ἰταλίας.
653 2910 716 2979 εἶτα
740 2912 756 2979 ό
773 2917 854 2993 Ζεὺς
869 2911 1073 3001 όποχωρήσας
1093 2920 1154 2979 τῶν
1172 2913 1355 2999 Ἀσσυρίων

258 3072 400 3127 Αοτολιεεαί
422 3073 531 3142 primum
556 3079 724 3127 numerentur
745 3074 808 3127 unni
831 3076 865 3127 eb
890 3073 993 3141 origine
1013 3073 1102 3126 mundi
1128 3075 1205 3127 3312.
1239 3080 1302 3143 pest
1319 3076 1353 3131 75

258 3142 354 3195 δελενδα
379 3158 460 3194 eunus
485 3160 517 3194 ex
535 3142 670 3195 Cherrene
691 3159 812 3211 egressus
838 3142 866 3195 in
887 3153 959 3197 terre
976 3142 1101 3196 Chsueen
1117 3142 1271 3213 inquilinum
1287 3146 1353 3216 egit,

258 3230 327 3282 muse
343 3228 410 3264 nunc
427 3210 576 3265 Palaestina
592 3220 711 3265 vocetur.

327 3281 454 3333 Pheieuue
476 3292 537 3335 ente
558 3290 657 3352 petrem
682 3296 755 3334 suum
771 3281 888 3333 Eberum
905 3280 982 3333 obiit.
1017 3280 1071 3334 tris
1087 3279 1158 3333 milis
1174 3299 1300 3338 annerum
1318 3286 1354 3340 sd

258 3350 366 3404 Pheleci
389 3359 496 3403 mortem
515 3352 547 3403 eb
563 3351 663 3404 tidenm
680 3360 871 3421 computentur.
907 3350 968 3403 hinc
987 3350 1091 3403 nemius
1107 3352 1270 3406 Graecorum
1287 3356 1352 3408 dse-

255 3436 312 3474 rum
329 3420 431 3475 initium
443 3430 558 3475 sumunt.

325 3490 411 3543 Natus
429 3500 469 3542 est
483 3491 574 3543 chami
587 3492 670 3561 stirpe
685 3488 728 3543 vir
744 3489 848 3542 nomine
864 3488 977 3555 (illusus,
994 3486 1132 3559 Aethiops.
1150 3490 1174 3543 is
1192 3489 1351 3544 Nemredun

254 3559 354 3627 genuit,
373 3559 417 3628 qui
436 3568 463 3611 et
476 3559 560 3610 Orion
576 3560 730 3629 appelletur,
749 3560 909 3612 conditerem
927 3556 1087 3625 Babylonis3
1103 3569 1182 3628 etque
1200 3559 1242 3610 hic
1259 3568 1351 3612 suctus

254 3628 373 3695 petentis
390 3626 487 3697 primns
506 3626 635 3679 hominum
651 3628 791 3696 regnarit,
815 3628 933 3696 Assyriis
958 3628 1098 3696 imperans.
1134 3629 1201 3680 idem
1220 3628 1349 3680 Saturnus

252 3695 403 3762 dictasset,
422 3704 593 3764 cognomento
611 3711 627 3746 e
643 3695 748 3764 pisnetu
764 3697 853 3749 ductu.
870 3714 977 3749 uxorem
995 3714 1029 3747 ex
1046 3697 1134 3749 eedem
1149 3696 1235 3765 stirpe
1250 3696 1350 3763 hebuit,

251 3763 356 3817 numine
369 3764 534 3817 semiramin.
570 3762 636 3815 haec
651 3763 745 3816 fresne
759 3765 879 3833 repperit
895 3773 923 3816 et
940 3764 1090 3833 pyramides
1109 3782 1175 3834 ques
1192 3777 1289 3818 vocent
1301 3784 1349 3817 ex-

252 3832 357 3885 struxit.
392 3833 459 3887 hanc
477 3834 554 3887 etiem
572 3831 672 3885 {tusam
689 3833 864 3899 nominarunt,
883 3842 913 3885 ut
929 3849 999 3900 ques
1017 3834 1164 3886 huminibus
1180 3852 1275 3901 magns
1291 3852 1348 3886 eum

250 3908 383 3973 potestate
406 3912 434 3955 et
456 3900 558 3971 ingenti
582 3910 684 3955 terrere
708 3900 859 3970 imperaret.
895 3901 961 3953 haec
982 3902 1133 3955 Semiramis
1154 3902 1233 3954 fliium
1259 3902 1351 3957 imbuit

251 3970 354 4022 nomine
372 3970 472 4039 Picum,
490 3990 520 4025 eo
541 3978 660 4023 nomento
676 3970 776 4033 levem,
794 3986 826 4022 sc
844 3978 951 4040 praeter
969 3969 1039 4023 hune
1054 3972 1143 4024 Belum
1161 3988 1193 4023 ec
1210 3972 1306 4024 Ninum
1320 3981 1349 4025 et

250 4038 329 4094 tilium
346 4039 480 4093 Iunonem.
517 3990 615 4108 irrue,
642 4039 688 4109 qui
705 4038 829 4093 Ninivem
851 4055 971 4106 magnam
992 4040 1125 4106 condidit,
1151 4048 1258 4093 matrem
1274 4056 1348 4093 suem

251 4107 406 4161 semiramin
423 4110 511 4163 uxoris
528 4108 585 4163 loce
600 4108 701 4163 hebuit.
718 4106 859 4161 Africanus
875 4108 991 4162 Saturno
1023 4118 1144 4162 meteres
1158 4110 1249 4163 Afrum
1265 4110 1347 4164 tilium

251 4176 393 4247 adscribit,
419 4195 504 4249 equo
522 4179 581 4233 Arri
597 4178 661 4232 dieti
678 4182 749 4230 sunt.
783 4176 808 4231 is
824 4177 889 4229 Ater
904 4179 982 4231 dueta
996 4126 1142 4246 Kstynums
1158 4194 1240 4231 uxore
1258 4179 1347 4232 Vene-

248 4260 305 4367 itt
322 4244 1347 4385 itit„‘tt‘tittitiit‘imitantium:tttnttti‘tr

248 4382 311 4439 inde
324 4386 445 4457 iuppiter
456 4385 575 4455 Assyriis
589 4385 714 4457 decessit,
729 4402 763 4439 se
778 4386 813 4440 sd
829 4394 929 4457 petrem
945 4402 977 4439 se
992 4384 1112 4453 eontulit,
1128 4386 1175 4454 qui
1196 4388 1223 4439 ei
1237 4402 1345 4455 regnum
